2968 3873
1389 144 1446 188 13

228 285 422 320 naturam
460 285 594 331 atque
639 274 864 332 originem,
911 275 956 317 in
1005 274 1322 332 paracatalogae
1373 273 1461 318 vim
1506 287 1557 317 ac
1607 274 1829 317 notionem
1876 274 2179 330 inquirendum
2227 287 2320 317 esse
2371 273 2456 316 hoc
2501 273 2600 316 loco

227 341 574 396 existimaremus,
615 341 832 397 amplioris
867 352 938 383 aut
971 341 1161 383 infinitae
1194 340 1489 396 disputationis
1523 340 1706 382 futuram
1740 354 1831 382 esse
1866 351 1989 396 patet.
2048 342 2093 382 Id
2127 340 2401 396 paucioribus
2436 339 2602 382 videtur

235 408 422 464 expediri
449 421 589 463 posse,
616 408 734 462 quod
762 407 947 449 universi
974 406 1121 449 iudicii
1148 406 1470 449 fundamentum
1499 406 1619 462 quasi
1647 407 1774 449 debet
1800 421 1904 460 esse,
1931 418 2085 460 utrum,
2113 418 2247 449 totum
2274 406 2426 449 cantici
2446 419 2601 462 corpus

229 475 263 518 si
297 484 550 530 spectamus,
592 473 637 516 in
679 473 885 516 rationem
928 472 1060 528 quasi
1091 472 1323 515 inducendi
1365 471 1448 515 sint
1488 472 1556 514 isti
1600 472 1775 515 trimetri
1822 486 1876 515 an
1917 487 1995 529 pro
2038 473 2354 516 intercalaribus
2397 471 2602 516 membris

232 539 419 585 habendi
447 539 502 583 ad
529 540 665 595 ipsam
694 538 968 595 periodorum
998 538 1379 582 conformationem
1407 538 1513 581 nihil
1541 539 1857 593 pertinentibus.

447 618 592 676 Eurip.
621 618 748 661 Herc.
773 632 838 660 vv.
881 619 981 674 1178
997 631 1049 660 ss.
1105 617 1426 674 Amphitryonis
1452 617 1639 660 cantioni
1666 618 1861 660 Theseus
1881 632 1952 660 sex
1978 618 2122 660 inserit
2146 619 2356 662 trimetros
2382 619 2602 671 iambicos,

231 686 345 730 idem
392 695 455 728 ter
501 695 648 741 quater
694 685 870 727 melicos
916 684 1088 727 incohat
1130 685 1313 735 ordines,
1356 697 1465 739 quos
1512 686 1730 726 continuet
1773 696 1898 739 atque
1945 686 2132 726 absolvat
2172 688 2442 742 Amphitryo,
2488 686 2601 727 velut

231 757 386 808 εὔφημα
411 759 552 806 φώ-νει
577 778 622 785 -
636 757 947 813 Ιβουλομένοισιν
973 757 1201 806 ἐπαγγέλλῃ.
1257 751 1374 792 Haec
1401 765 1601 793 versuum
1631 751 1807 792 frustula
1835 751 1954 792 aliter
1982 762 2105 805 atque
2134 753 2320 808 integros
2340 753 2437 794 illos
2455 766 2603 794 versus

232 833 256 862 a
284 820 458 861 Theseo
487 817 555 873 agi
583 831 672 859 non
699 817 842 859 minus
870 817 1100 859 absurdum
1128 817 1292 859 videtur
1320 831 1448 872 quam
1476 818 1637 860 ordinis
1663 817 1886 871 iambelegi
1907 830 1995 858 non
2016 818 2230 860 dissimilis
2249 829 2409 874 partem
2431 818 2603 869 cantari,

232 896 392 941 partem
422 884 535 927 nude
564 884 698 938 quasi,
739 883 911 926 musicis
939 884 1055 926 sonis
1083 883 1210 926 nullis
1238 884 1525 926 accinentibus
1554 884 1664 936 dico,
1707 883 1884 925 recitari.
1941 883 2067 926 Plura
2095 884 2147 927 de
2177 887 2341 928 actione
2375 885 2602 928 sciscitanti

233 966 320 994 non
349 951 489 994 habeo
518 950 634 1005 quod
663 950 957 1006 respondeam.
1015 949 1079 992 De
1107 949 1234 992 totius
1262 963 1363 992 vero
1391 949 1543 993 cantici
1571 949 1683 992 illius
1710 959 1918 992 structura
1945 950 2096 992 certius
2131 951 2338 994 affirmare
2367 951 2601 1007 quidquam

232 1018 299 1061 vel
334 1028 558 1073 propterea
591 1016 770 1059 arduum
805 1027 879 1069 est,
927 1016 1044 1072 quod
1084 1015 1236 1058 lacuna
1278 1027 1372 1059 ante
1415 1023 1453 1061 τι
1476 1022 1570 1073 φῂς
1594 1024 1633 1061 τί
1658 1022 1821 1072 δράσας-,-
1860 1019 1895 1069 (ι
1912 1017 2005 1068 ι88)
2050 1029 2074 1058 a
2116 1017 2449 1060 Wilamowitzio
2493 1028 2603 1067 recte

235 1083 416 1126 indicata
446 1093 601 1138 quanta
629 1082 753 1126 fuerit
787 1082 868 1125 nisi
903 1082 1145 1126 coniectura
1179 1082 1346 1138 assequi
1381 1095 1469 1126 non
1503 1096 1743 1140 possumus.
1820 1082 1902 1125 Sed
1947 1083 2027 1125 alia
2070 1094 2228 1126 exstant
2271 1086 2462 1141 exempla
2504 1084 2604 1126 satis

187 1206 191 1208 .
235 1150 366 1193 multa
395 1162 530 1205 eaque
557 1149 656 1192 satis
684 1158 809 1191 certa.

451 1258 722 1300 Praemittere
752 1256 994 1311 Euripideis
1023 1257 1138 1299 iuvat
1165 1265 1318 1311 κομμὸν
1347 1257 1647 1312 Sophocleum,
1678 1259 1795 1300 Aiac.
1827 1274 1877 1299 vv
1907 1260 1986 1312 879
2003 1262 2202 1312 ssz925
2221 1273 2279 1300 ss:

668 1324 724 1366 τίς
749 1319 797 1360 ἂν
823 1323 920 1371 δῆτά
944 1336 1022 1370 μοι,
1047 1324 1105 1367 τίς
1130 1320 1178 1360 ἄν
1203 1324 1431 1371 φιλοπόνων
1890 1328 1912 1361 δ
1926 1328 1948 1361 δ

668 1376 835 1420 άλιαδᾶν
860 1378 961 1430 ἔχων
987 1379 1157 1425 ἀύπνους
1182 1379 1312 1430 ἄγρας,
1892 1387 1914 1420 δ
1928 1387 1951 1420 δ

667 1444 692 1490 ἢ
716 1443 773 1485 τίς
795 1439 1070 1488 Ὀλυμπιάδων,
1096 1442 1195 1479 θεᾶν
1220 1444 1244 1490 ἢ
1269 1440 1397 1490 ῥυτῶν
1893 1443 1911 1480 3
1928 1446 1950 1480 δ

546 1501 615 1539 885
669 1502 898 1550 Βοσπορίων
921 1501 1119 1549 ποταμῶν,
1145 1501 1215 1539 τὸν
1240 1499 1452 1550 ὠμόθυμον
1887 1503 1906 1540 3
1924 1502 1967 1544 3ῖ
2148 1521 2193 1533 =
2216 1515 2256 1540 12
2284 1510 2397 1540 metra

671 1607 713 1646 εἴ
728 1612 824 1646 ποθι
851 1609 1094 1657 πλαζόμενον
1119 1610 1293 1647 λεῦσσων
1892 1624 1934 1647 cr
1960 1615 1982 1649 δ

671 1667 806 1715 cinam,-
832 1668 986 1717 σχέτλια
1011 1670 1087 1718 γάρ
1891 1684 1933 1707 cr
1958 1685 2000 1708 cr

672 1730 739 1778 ἐμὲ
764 1743 808 1779 γε
833 1730 903 1768 τὸν
927 1730 1088 1779 μακρῶν
1113 1731 1262 1769 αλάταν
1286 1730 1420 1768 πόνων
1894 1735 1916 1770 δ
1930 1736 1952 1770 δ

672 1790 790 1840 οὐρίῳ
815 1792 867 1839 μὴ
891 1791 1058 1829 πελάσαι
1083 1792 1227 1840 δρόμῳ,
1894 1807 1936 1829 cr
1961 1797 1983 1831 δ

549 1852 619 1900 890
671 1850 751 1889 ἀλλ’
780 1850 972 1899 ἀμενηνὸν
999 1848 1123 1899 ἄνδρα
1146 1852 1197 1900 μὴ
1225 1852 1400 1890 λεύσσειν
1426 1847 1535 1890 ὅπου.
1888 1857 1962 1890 dim
1980 1856 2019 1898 4-
2039 1866 2120 1891 mon
2153 1872 2197 1884 =
2222 1865 2260 1890 12
2276 1854 2323 1902 4-
2343 1867 2349 1889 ι

1829 1906 1907 1943 (am
1933 1904 2142 1947 ch†dim!)

457 1960 685 2009 Sequuntur
710 1959 829 2009 (891):
857 1962 900 1997 (Γ
913 1959 1021 1996 *trim
1049 1962 1092 1997 δ’
1106 1959 1250 1996 *tr-imm
1266 1963 1339 1998 duo
1364 1960 1471 1997 *tr-im
1854 1976 1857 1980 ·
2154 1981 2197 1991 τί
2221 1965 2259 2000 15

709 2020 824 2068 (897):
849 2021 887 2057 τί
912 2020 943 2057 δ’
971 2017 1092 2066 ἔστιν,·
1118 2020 1201 2068 (943
1228 2021 1421 2067 ξυναυδῶ)
2155 2042 2197 2052 z
2222 2035 2232 2058 1

458 2081 563 2117 Tum
589 2088 679 2128 post
705 2080 804 2116 duos
831 2080 1066 2116 Tecmessae
1091 2078 1310 2117 *trimetros

552 2151 622 2188 900
671 2136 770 2187 ὤμοι
796 2139 900 2186 ἐμῶν
925 2141 1092 2178 νόστων·
1537 2144 1636 2178 dim=

673 2195 783 2248 ὤμοι,
808 2199 1053 2247 κατέπεφνες,
1082 2196 1190 2244 ἄναξ,
1208 2200 1336 2244 <σόν>
1536 2203 1631 2238 dim'

672 2260 786 2298 τόνδε
812 2260 1039 2305 συνναύταν,
1067 2257 1098 2297 ὦ
1125 2260 1258 2305 τάλας·
1535 2264 1631 2297 dim=
1674 2274 1817 2299 monom

674 2318 706 2357 ὦ
732 2322 959 2368 ταλαίφρων
985 2322 1109 2368 γύναι.
1535 2326 1610 2358 dim
2156 2328 2259 2361 2-15

458 2429 564 2467 Tum
589 2429 709 2479 (9o4):
740 2427 848 2466 *irim
873 2428 981 2466 *trim
1006 2428 1150 2466 *trimm
1177 2431 1250 2467 duo
2223 2446 2261 2471 12

460 2489 639 2538 Denique
664 2489 753 2537 908:

674 2547 774 2598 ὦμοι
800 2550 892 2598 ἐμᾶς
918 2548 1022 2595 ἄτας,
1050 2546 1131 2595 οἶος
1156 2548 1215 2599 ἄρ’
1243 2550 1437 2599 αὶμάχθης
1879 2557 1919 2646 {6
1933 2557 1955 2591 δ

681 2609 877 2660 ἄφρακτος
902 2612 1029 2659 φίλων

676 2672 753 2720 ἐγὼ
787 2671 824 2709 δ’
852 2666 874 2708 ὃ
898 2671 1041 2707 πάνοτα
1065 2672 1209 2718 κωφός,
1237 2666 1258 2708 ὃ
1283 2671 1401 2708 πάντ’
1429 2669 1552 2720 ἄιδρις
1895 2687 1914 2709 2
1943 2675 1961 2710 3

676 2731 933 2779 κατημέλησα.
983 2731 1039 2782 πᾷ
1061 2731 1117 2782 πᾷ
1879 2689 1913 2771 iz
1941 2735 1983 2771 2*
2022 2776 2023 2779 Ἴ

675 2799 798 2831 κεῖται
824 2786 846 2830 ὃ
872 2792 1132 2840 δυστράπελος
1158 2793 1384 2840 δυσώνυμος
1407 2791 1511 2838 Αἴας.
1898 2797 1914 2831 3
1944 2795 1985 2832 3Ὗ
2154 2815 2197 2826 2·
2220 2809 2261 2833 ¹2

462 2898 507 2938 In
549 2909 747 2938 versuum
797 2895 1105 2949 compositione
1140 2895 1184 2935 id
1219 2904 1364 2936 notatu
1406 2895 1596 2950 dignum,
1639 2899 1934 2939 dochmiorum
1975 2899 2137 2939 vicibus
2180 2900 2299 2954 fungi
2343 2914 2431 2942 non
2473 2903 2613 2943 solum

247 2964 403 3005 formas
445 2972 691 3014 contractaS,
720 2961 833 3002 velut
875 2961 1205 3014 u———891.
1246 2961 1338 3015 893,
1382 2962 1455 3002 sed
1497 2963 1667 3004 trinaria
1709 2965 1833 3005 etiam
1875 2966 2065 3006 membra
2106 2965 2231 3008 haec:
2276 2991 2326 2996 ——
2421 2992 2471 2997 —
2563 2993 2613 2997 —

2348 3003 2395 3019 W

247 3031 338 3085 884.
382 3031 472 3072 885.
516 3031 609 3083 913,
626 3032 924 3069 ὐ-υ--Ξ
954 3027 1046 3075 885,
1075 3047 1446 3079 υ-ω-ω-
1477 3043 1570 3082 911,
1612 3051 1910 3082 u—-W——
1940 3045 2032 3084 914,
2081 3031 2125 3071 in
2162 3033 2317 3086 quibus
2361 3034 2613 3089 dactylicum

248 3097 365 3151 quod
416 3096 580 3138 videtur
626 3104 766 3136 utrum
820 3107 870 3134 ex
919 3092 1191 3147 asclepiadeis
1238 3115 1287 3146 ἶ,-
1307 3092 1354 3122 Q
1375 3118 1426 3124 —
1446 3124 1494 3146 w
1514 3119 1578 3145 —,
1633 3109 1686 3136 an
1735 3096 1868 3149 prima
1917 3096 1996 3136 arsi
2044 3098 2207 3138 abiecta
2255 3113 2305 3139 ex
2359 3101 2614 3154 prosodiaco

248 3164 442 3203 membro
457 3184 543 3202 u—
564 3186 675 3214 ω-
696 3191 745 3212 uu
766 3184 813 3189 —
831 3159 1107 3213 repetendum
1128 3171 1219 3200 esse
1237 3159 1441 3211 videatur,
1470 3161 1514 3201 in
1534 3161 1676 3202 medio
1697 3161 1943 3214 relinquam.
1993 3162 2232 3205 Structurae
2254 3165 2359 3206 ratio
2388 3179 2439 3207 ea
2467 3178 2541 3217 est,
2571 3177 2613 3207 ut

248 3228 409 3269 melicis
455 3227 642 3282 periodis
689 3239 776 3267 non
823 3224 954 3267 semel
1001 3224 1257 3277 respondere
1305 3226 1531 3279 coryphaei
1585 3226 1649 3267 vel
1698 3226 1952 3268 Tecmessae
2005 3229 2203 3271 *trimetri
2253 3230 2472 3272 videantur
2519 3232 2614 3272 coll.

248 3308 301 3335 vv
334 3295 1040 3350 879-85Ν*9ο4-07Ν908-
1186 3294 1308 3345 Quae
1351 3293 1394 3334 in
1444 3290 1560 3340 ὦμοι
1597 3291 1734 3340 ἐμῶν
1764 3293 1824 3330 νό·
1828 3306 1951 3331 στων.·
1993 3292 2109 3343 ὦμοι
2154 3296 2310 3334 κατέπε·
2335 3301 2444 3345 (φνες
2482 3294 2613 3341 ἅναξ).-

250 3369 368 3421 ὦμοι
399 3373 493 3422 ἐμᾶς
518 3371 611 3419 ἄτας
638 3383 810 3429 apparet
827 3372 1070 3416 variationis
1098 3371 1161 3414 vis
1189 3383 1314 3427 atque
1343 3371 1531 3424 audacia,
1561 3381 1604 3412 ut
1633 3371 1724 3413 aliis
1753 3372 1902 3414 odiosa
1931 3382 1971 3414 et
2000 3373 2177 3416 molesta
2206 3374 2296 3417 fore
2325 3375 2512 3430 putanda
2541 3386 2614 3425 est

249 3439 304 3481 ita
334 3440 458 3482 nobis
487 3452 549 3484 est
576 3441 898 3491 iucundissima;
934 3453 1059 3495 quem
1091 3439 1231 3480 locum
1260 3440 1304 3481 in
1333 3448 1418 3482 arte
1447 3438 1619 3479 metrica
1653 3437 1734 3480 late
1769 3449 1981 3492 patentem
2017 3440 2155 3482 adhuc
2190 3454 2319 3483 nemo
2353 3442 2440 3484 fere
2471 3442 2614 3498 attigit.
