2968 3873
1378 189 1380 191 ’
1416 184 1446 226 9

460 311 601 368 Tydei
614 321 841 368 postquam
859 324 1018 354 nomen
1035 312 1240 368 comperit
1254 311 1334 354 viri
1353 311 1569 355 fortissimi
1596 317 1698 368 (Ἄρη
1714 310 1760 358 ’δ’
1777 318 1954 358 Αἰτωλὸν
1979 318 2022 358 ἐν
2047 318 2222 369 στέρνοις
2246 315 2353 369 ἔχει),
2372 311 2617 356 affinitatem

244 391 343 421 cum
372 378 575 434 Polynice
610 377 797 420 iunctam
825 378 1044 420 recordata
1071 391 1124 420 eo
1152 379 1287 435 magis
1320 379 1495 422 miratur
1522 391 1738 422 armorum
1766 380 2023 422 barbariem:
2065 380 2179 431 οὗτος
2208 380 2231 424 ὅ
2255 386 2325 431 τᾶς
2349 385 2616 430 Πολυνείκεος,

245 448 278 488 ὦ
303 450 432 500 γέρον,
446 470 460 478 -
474 446 785 500 αὐτοκασιγνήτᾳ
798 469 811 477 ·
825 450 979 500 νύμφας
994 457 1008 497 l
1026 444 1226 500 ὅμόγαμος
1248 457 1362 501 κυρεῖ
1369 462 1383 498 ,·
1399 454 1415 495 l
1431 445 1485 496 ὥς
1509 447 1711 501 ἀλλόχρως
1742 446 1905 496 ὅπλοισι,
1936 452 2258 502 μειξοβάρβαρος.
2315 445 2491 500 Biiugae
2519 454 2618 487 sunt

245 510 426 567 periodi,
454 522 634 566 quarum
663 510 792 552 altera
825 522 961 552 novos
990 510 1199 565 quosdam
1227 511 1426 554 modulos
1454 511 1677 553 ostendere
1707 511 1870 553 videtur
1904 511 2082 554 dimetro
2124 521 2325 567 quattuor
2352 511 2618 567 dactylorum

243 577 499 629 introducto,
527 576 644 631 quod
673 576 863 631 sequitur
895 575 1118 618 dochmius
1151 589 1248 619 cum
1275 587 1412 619 metro
1444 577 1630 618 iambico
1668 577 1734 619 bis
1770 586 1985 619 contracto
2019 579 2069 632 (4
2083 581 2133 630 4·
2151 582 2174 617 δ
2188 581 2238 631 -Ι-
2257 592 2279 620 2
2292 579 2361 632 =);
2389 577 2618 633 respondet

244 643 349 685 alter
375 642 600 684 dochmius
628 655 726 700 cum
753 642 942 684 trimetro
970 642 1153 684 iambico
1183 644 1229 696 (δ
1257 657 1280 685 2
1296 646 1346 695 -{-
1361 645 1416 697 4).

461 719 546 762 Sed
575 733 673 761 cum
700 719 744 760 in
774 719 900 760 armis
928 720 1225 762 semibarbaris
1253 722 1512 763 admirandis
1540 722 1683 762 denuo
1711 721 1890 762 haeserit
1917 722 2115 774 puellula,
2149 722 2203 762 ad
2232 722 2485 763 Aetolorum
2513 734 2617 775 gen-

244 797 330 828 tem
372 785 557 828 ferocem
599 795 639 827 et
680 784 733 827 ad
774 785 1070 840 paedagogum
1118 785 1170 827 de
1203 786 1376 828 indutiis
1417 787 1682 844 paciscendis
1723 787 2026 828 internuntium
2070 787 2252 828 deflectit
2293 786 2443 829 oratio.
2500 787 2617 827 Tum

244 851 478 907 Antigona:
518 857 576 903 τίς
613 855 649 896 δ’
679 851 793 902 οὗτος
824 853 923 906 ἀμφὶ
948 857 1080 906 μνῆμα
1110 857 1156 896 τὸ
1181 858 1313 907 Ζῆθον
1350 859 1450 911 περᾷ
1474 861 1489 907 l
1513 859 1838 908 καταβόστρυχος,
1865 854 2010 906 ὄμμασι
2034 860 2186 908 γοργός,
2224 859 2398 898 εἰσ-ιδεῖν
2424 859 2580 903 νεανίας
2603 859 2620 906 l

243 924 431 974 λοχαγός;
457 918 510 969 ὡς
526 919 642 972 ὄχλος
673 936 735 961 νιν
760 916 907 973 ὑστέρῳ
932 924 1027 962 ποδί
1050 924 1065 970 Ι
1088 923 1287 970 πάνοπλος
1312 921 1492 974 ἀμφέπει,
1520 919 1709 961 trimetro
1738 917 1921 961 iambico
1950 928 2012 961 ter
2039 919 2154 974 gravi
2183 920 2432 974 (--υ-),
2466 919 2618 961 ordine

244 984 513 1040 quaternario
534 997 632 1025 cum
661 983 876 1037 dochmi0,
904 994 993 1025 tum
1014 984 1145 1026 altero
1169 985 1370 1037 trimetro,
1400 986 1603 1028 dochmio
1623 985 1766 1027 altero.
1824 985 2091 1036 Quaternarii
2120 986 2291 1028 ordines
2319 986 2363 1028 in
2393 986 2472 1028 hac
2502 995 2542 1027 et
2571 985 2615 1027 in

246 1049 510 1093 antecedenti
538 1050 779 1105 Antigonae
808 1050 1004 1091 cantione
1033 1050 1149 1092 obvii
1176 1064 1264 1093 non
1292 1052 1431 1094 solum
1461 1066 1513 1094 eo
1542 1051 1754 1103 differunt,
1794 1051 1910 1106 quod
1939 1051 2056 1106 prior
2083 1052 2385 1094 descendentes
2414 1065 2617 1094 numeros

244 1130 344 1172 prae
374 1131 418 1159 se
448 1117 538 1168 fert,
567 1117 670 1158 alter
698 1117 959 1168 scandentes,
989 1118 1062 1158 sed
1093 1117 1217 1159 etiam
1246 1131 1299 1159 eo
1328 1119 1443 1173 quod
1473 1118 1546 1173 qui
1575 1118 1792 1160 descendit
1821 1118 2014 1171 bigarum
2044 1128 2089 1158 ut
2117 1119 2172 1159 ita
2201 1119 2337 1159 dicam
2367 1119 2617 1174 particulam

246 1183 525 1225 necessariam
555 1182 694 1235 efficit,
724 1183 798 1237 qui
826 1183 988 1225 scandit
1016 1183 1124 1237 bigis
1153 1183 1317 1225 mesodi
1345 1184 1441 1226 loco
1470 1184 1638 1226 additur
1665 1185 1713 1237 (6
1743 1184 1858 1237 [ιι-Η
1878 1186 1916 1220 δε
1947 1185 1972 1225 6
1999 1186 2055 1236 ὁ).

462 1247 768 1304 Parthenopaei
789 1248 1008 1290 Atalantae
1037 1249 1111 1291 filii
1141 1263 1219 1291 nec
1240 1263 1398 1291 nomen
1425 1260 1681 1305 gentemque
1712 1262 1788 1291 nec
1818 1262 1959 1290 mores
1979 1249 2173 1302 ignorare
2194 1251 2408 1304 Antigona
2432 1251 2616 1292 videtur:

245 1312 345 1353 ἄλλα
378 1328 439 1352 νιν
471 1308 496 1351 ἃ
525 1311 606 1353 κατ’
636 1312 708 1363 ὄρη
738 1314 837 1363 μετὰ
865 1315 1032 1364 ματέρος
1055 1335 1069 1342 ·
1088 1314 1258 1363 Ἄρτεμις
1288 1314 1420 1362 ὶεμένα
1449 1317 1580 1361 τόξοις
1610 1312 1803 1362 &aurinand
1835 1312 2015 1358 ὀλέσειεν,
2048 1318 2063 1358 l
2089 1308 2131 1359 ὃς
2162 1311 2217 1353 ἐπ’
2246 1315 2342 1362 ἐμὰν
2367 1336 2380 1343 -
2404 1317 2520 1353 πόλιν
2546 1313 2617 1365 ἔβα

243 1380 410 1429 πέρσων,
460 1374 627 1416 duobus
657 1384 959 1428 quaternorum
988 1375 1250 1428 dactylorum
1279 1374 1497 1416 ordinibus
1525 1389 1624 1417 cum
1644 1375 1844 1425 Adoneo,
1871 1375 1939 1415 vel
1967 1375 2119 1416 rectius
2148 1375 2318 1416 fortasse
2348 1376 2616 1429 quaternario

243 1440 438 1482 membro
468 1439 676 1495 dactylico
706 1452 803 1481 cum
832 1439 1000 1481 duobus
1027 1439 1222 1492 uinariis,
1256 1453 1344 1482 non
1387 1441 1477 1483 sine
1518 1440 1785 1483 vehementia
1827 1440 2157 1492 decurrentibus,
2201 1451 2240 1482 et
2280 1441 2436 1483 cretico
2480 1451 2615 1483 metro

244 1519 342 1548 curn
371 1505 586 1548 dochmio.
643 1505 919 1561 Paedagogus
948 1519 1043 1548 cum
1074 1520 1161 1561 quo
1190 1506 1280 1548 iure
1309 1507 1412 1548 freta
1439 1507 1493 1549 ad
1522 1508 1670 1549 urbem
1700 1506 1922 1548 accesserit
1949 1509 2187 1561 Argeorum
2206 1508 2339 1561 pubes
2358 1507 2616 1561 gravissimis

243 1573 381 1614 verbis
410 1572 672 1614 mentionem
701 1572 902 1625 iniecerit,
932 1582 1080 1614 natura
1108 1572 1167 1625 fit,
1195 1583 1241 1614 ut
1269 1572 1321 1614 de
1351 1573 1551 1627 Polynice
1582 1573 1647 1614 ius
1689 1585 1815 1614 suum
1859 1581 2071 1627 repetente
2115 1573 2328 1627 Antigona
2370 1586 2614 1615 commone·

244 1639 351 1681 facta
401 1638 568 1680 fratrem
615 1638 706 1693 ipsa
759 1638 1088 1694 circumspiciat:
1133 1646 1212 1683 ποῦ
1239 1642 1274 1684 δ’
1305 1640 1348 1690 ὃς
1373 1645 1457 1694 ἐμοὶ
1481 1646 1571 1693 μιᾶς
1596 1642 1740 1694 ἐγένετ’
1771 1644 1815 1683 ἐκ
1837 1645 1984 1693 ματρὸς
2007 1646 2216 1694 πολυπόνῳ
2242 1647 2376 1694 μοίρᾳ,-
2427 1640 2616 1681 Puellam

244 1706 370 1762 igitur
398 1705 607 1761 fingamus
637 1719 722 1748 una
751 1719 848 1747 cum
876 1706 1125 1762 paedagogo
1155 1706 1457 1762 aliquantisper
1485 1706 1786 1763 speculantem,
1816 1706 1919 1748 dum
1948 1705 2102 1748 silentii
2140 1705 2224 1748 fine
2268 1706 2375 1749 facto
2406 1717 2617 1761 erumpat:

244 1776 276 1818 ὦ
302 1775 472 1828 φίλτατ’,
505 1778 598 1823 εἰπέ,
625 1779 701 1817 ποῦ
723 1775 800 1816 ’στι
825 1780 1073 1828 Πολυνείκης,
1101 1779 1235 1829 γέρον,·
1273 1773 1394 1825 Quos
1429 1773 1536 1815 duos
1564 1772 1806 1828 Antigonae
1834 1786 1979 1814 versus
2009 1782 2047 1814 et
2076 1772 2192 1814 hiatu
2228 1784 2268 1814 et
2297 1774 2452 1815 variato
2481 1782 2615 1814 metro

249 1840 450 1881 discretos
478 1853 532 1881 ne
562 1852 650 1881 uno
678 1849 825 1881 tenore
855 1839 990 1881 editos
1019 1853 1110 1882 esse
1140 1840 1387 1895 cogitemus,
1415 1839 1611 1895 impediri
1639 1853 1729 1881 non
1758 1850 2105 1894 argumentorum
2148 1840 2286 1881 solum
2329 1853 2455 1894 quam
2486 1839 2616 1893 signi-

243 1905 461 1948 ficavimus
505 1905 741 1947 diversitate
784 1906 989 1958 videmur,
1038 1906 1112 1948 sed
1147 1905 1273 1947 etiam
1320 1906 1520 1947 orationis
1567 1919 1681 1948 novo
1724 1906 1844 1960 quasi
1881 1905 2055 1947 exordio
2085 1905 2194 1946 facto
2222 1906 2275 1946 ad
2303 1919 2447 1947 senem
2477 1905 2617 1947 subito

245 1984 493 2013 conversae:
523 1971 738 2013 Ubinam
774 1982 846 2013 est
881 1966 1037 2013 frater
1065 1985 1203 2013 meus
1237 1971 1580 2013 miserrimus?
1609 1996 1660 2001 —
1690 1971 1917 2027 reperire
1948 1971 2181 2025 equidem
2210 1985 2406 2025 nequeo
2436 1996 2485 2000 —
2516 1971 2616 2022 dic,

244 2037 524 2090 carissime,
561 2037 645 2078 ubi
675 2037 739 2078 sit
769 2037 1054 2093 Polynices,
1089 2037 1188 2089 dic,
1221 2042 1389 2079 senex!
1426 2038 1546 2089 Quae
1576 2038 1611 2080 si
1641 2037 1738 2092 quis
1768 2037 2009 2092 anaphorae
2038 2037 2172 2092 figura
2211 2044 2299 2090 (ποῦ
2326 2040 2360 2080 δ’
2392 2038 2436 2088 ὃς
2461 2043 2547 2091 ἐμοί
2574 2065 2614 2071 -

213 2118 215 2120 ’
242 2110 320 2148 ποῦ
341 2107 418 2147 ’στι
444 2109 693 2157 Πολυνείκης)
725 2104 833 2145 inter
861 2117 906 2145 se
935 2103 1138 2158 coniungi
1167 2103 1328 2155 dixerit,
1356 2117 1424 2145 me
1454 2103 1625 2158 quidem
1655 2116 1876 2158 nunquam
1904 2103 2076 2144 habebit
2104 2104 2410 2144 assentientem.

460 2170 496 2211 E
525 2169 761 2224 longinquo
781 2170 965 2223 tandem,
994 2183 1127 2225 prope
1147 2170 1316 2211 Adrasti
1345 2169 1463 2211 cuius
1492 2169 1574 2211 hoc
1603 2183 1691 2211 uno
1717 2169 1815 2211 loco
1842 2169 2002 2210 mentio
2029 2169 2073 2210 fit
2092 2169 2361 2224 praetorium,
2390 2179 2616 2223 postquam

246 2236 493 2291 polynicem
522 2235 794 2291 paedagogus
824 2236 1041 2291 conspexit
1070 2235 1396 2290 Antigonaeque
1426 2227 1557 2290 digito
1585 2235 1846 2285 monstravit,
1875 2236 1946 2277 illa
1975 2246 2154 2276 staturae
2189 2236 2454 2290 pectorisque
2484 2235 2616 2276 linea-

250 2302 402 2344 mentis
432 2302 530 2343 satis
560 2313 674 2344 certo
703 2301 948 2355 recognitis:

823 2449 1042 2499 ἀνεμώκεος
1067 2451 1150 2490 εἴθε
1177 2452 1324 2501 δρόμον
1351 2451 1515 2499 νεφέλας

1105 2515 1221 2550 ποσὶν
1247 2511 1474 2558 ἐξανύσαιμι
1499 2507 1550 2548 δι’
1583 2510 1741 2559 αἰθέρος

820 2657 918 2705 πρὸς
942 2656 1038 2704 ἐμὸν
1064 2651 1352 2705 ὅμογενέτο-ρα,
1376 2659 1465 2704 περὶ
1492 2652 1527 2693 δ’
1558 2652 1706 2699 ὠλένας

817 2799 910 2851 δέρᾳ
936 2797 1299 2850 φιλτάτᾳ·βὰλοιμ’
1330 2800 1372 2839 έν
1396 2800 1526 2849 χρόνῳ
1541 2800 1727 2849 ·φυγὰδα
1750 2800 1900 2863 μέλεον.
1952 2795 2004 2844 ὡς

819 2940 973 2983 ὅπλοισι
993 2945 1216 2994 χρυσέοισιν
1242 2945 1439 2994 ἐκπρεπής,
1467 2945 1594 2994 γέρον,

822 3064 934 3118 ἑῴοις
959 3059 1093 3114 αἵμονα
1119 3065 1326 3115 φλεγέθων
1348 3066 1512 3112 βολαῖς·
1528 3059 1650 3103 ἁλίου.

462 3212 559 3264 Qua
587 3212 630 3253 in
661 3211 812 3254 cantici
841 3212 961 3268 quasi
990 3212 1176 3254 medulla
1204 3222 1344 3255 utrum
1379 3211 1509 3254 animi
1544 3225 1692 3254 verum
1734 3210 2029 3265 sincerumque
2073 3210 2259 3252 calorem
2303 3223 2400 3252 cum
2444 3210 2618 3266 puellari

244 3279 429 3333 quadam
458 3278 724 3334 simplicitate
752 3279 929 3320 mixtum
958 3280 1272 3334 verborumque
1301 3290 1341 3321 et
1368 3279 1558 3335 vigorem
1587 3289 1625 3320 et
1646 3278 1890 3319 suavitatem
1920 3289 1973 3317 an
2003 3290 2280 3319 numerorum
2301 3277 2355 3318 ad
2374 3287 2619 3332 argumenta

245 3358 439 3399 quaeque
484 3344 827 3387 commodissime
874 3359 966 3387 sese
995 3346 1297 3400 applicantium
1339 3345 1550 3387 lenitatem
1595 3355 1719 3399 atque
1768 3343 2016 3396 elegantiam
2065 3343 2200 3398 magis
2229 3344 2436 3385 admirere
2465 3343 2619 3384 dubius

247 3410 478 3453 haesitatis.
536 3411 643 3453 Sunt
672 3421 811 3453 autem
842 3411 928 3453 duo
957 3411 1126 3453 ordines
1156 3412 1411 3466 quaternarii
1439 3411 1700 3462 scandentes,
1729 3410 1883 3464 quibus
1913 3409 1956 3450 in
1987 3409 2070 3451 fine
2101 3410 2329 3465 respondet
2349 3409 2619 3451 didochmius

245 3489 342 3518 cum
385 3487 521 3519 metro
564 3477 739 3529 cretico;
783 3478 891 3519 inter
932 3490 1040 3531 quae
1083 3478 1248 3520 mesodi
1289 3478 1432 3519 locum
1473 3487 1585 3518 tenet
1631 3475 1909 3517 tridochmius
1951 3475 2016 3516 bis
2059 3489 2191 3530 purus
2227 3486 2266 3517 et
2301 3475 2479 3530 simplex
2508 3480 2617 3529 (δέρᾳ
