<?xml version="1.0" encoding="UTF-8"?>
<!DOCTYPE html PUBLIC "-//W3C//DTD XHTML 1.0 Transitional//EN"
    "http://www.w3.org/TR/xhtml1/DTD/xhtml1-transitional.dtd">
<html xmlns="http://www.w3.org/1999/xhtml" xml:lang="en" lang="en">
 <head>
  <title>
</title>
<meta http-equiv="Content-Type" content="text/html;charset=utf-8" />
  <meta name='ocr-system' content='tesseract 3.04.00' />
  <meta name='ocr-capabilities' content='ocr_page ocr_carea ocr_par ocr_line ocrx_word'/>
</head>
<body>
  <div class='ocr_page' id='page_1' title='image "4766857_0019.png"; bbox 0 0 2968 3873; ppageno 0'>
   <div class='ocr_carea' id='block_1_1' title="bbox 1415 162 1467 206">
    <p class='ocr_par' dir='ltr' id='par_1_1' title="bbox 1415 162 1467 206">
     <span class='ocr_line' id='line_1_1' title="bbox 1415 162 1467 206; baseline 0.038 -2"><span class='ocrx_word' id='word_1_1' title='bbox 1415 162 1467 206; x_wconf 90' lang='lat'>11</span> 
     </span>
    </p>
   </div>
   <div class='ocr_carea' id='block_1_2' title="bbox 1300 222 1563 229">
    <p class='ocr_par' dir='ltr' id='par_1_2' title="bbox 1300 222 1563 229">
     <span class='ocr_line' id='line_1_2' title="bbox 1300 222 1563 229; baseline 0 0"><span class='ocrx_word' id='word_1_2' title='bbox 1300 222 1563 229; x_wconf 95' lang='lat' dir='ltr'> </span> 
     </span>
    </p>
   </div>
   <div class='ocr_carea' id='block_1_3' title="bbox 255 288 2628 795">
    <p class='ocr_par' dir='ltr' id='par_1_3' title="bbox 255 288 2628 477">
     <span class='ocr_line' id='line_1_3' title="bbox 471 288 2628 347; baseline 0 -13"><span class='ocrx_word' id='word_1_3' title='bbox 471 292 558 334; x_wconf 91' lang='lat' dir='ltr'>Sed</span> <span class='ocrx_word' id='word_1_4' title='bbox 598 288 847 347; x_wconf 58' lang='lat' dir='ltr'>priusc&#39;Juam</span> <span class='ocrx_word' id='word_1_5' title='bbox 883 291 937 332; x_wconf 91' lang='lat' dir='ltr'>ad</span> <span class='ocrx_word' id='word_1_6' title='bbox 978 304 1088 346; x_wconf 88' lang='lat' dir='ltr'>opus</span> <span class='ocrx_word' id='word_1_7' title='bbox 1129 291 1269 346; x_wconf 85' lang='lat' dir='ltr'>ipsum</span> <span class='ocrx_word' id='word_1_8' title='bbox 1316 291 1624 346; x_wconf 78' lang='lat' dir='ltr'>aggrediamur,</span> <span class='ocrx_word' id='word_1_9' title='bbox 1670 292 1779 333; x_wconf 88' lang='lat' dir='ltr'>duae</span> <span class='ocrx_word' id='word_1_10' title='bbox 1826 292 2047 333; x_wconf 86' lang='lat' dir='ltr'>universae</span> <span class='ocrx_word' id='word_1_11' title='bbox 2095 292 2303 346; x_wconf 81' lang='lat' dir='ltr'><strong>quaedam</strong></span> <span class='ocrx_word' id='word_1_12' title='bbox 2359 290 2628 345; x_wconf 76' lang='lat' dir='ltr'>quaestiones</span> 
     </span>
     <span class='ocr_line' id='line_1_4' title="bbox 255 356 2627 412; baseline -0.001 -12"><span class='ocrx_word' id='word_1_13' title='bbox 255 357 467 400; x_wconf 86' lang='lat' dir='ltr'>ineundae</span> <span class='ocrx_word' id='word_1_14' title='bbox 509 368 550 399; x_wconf 90' lang='lat' dir='ltr'>et</span> <span class='ocrx_word' id='word_1_15' title='bbox 591 357 682 399; x_wconf 84' lang='lat' dir='ltr'>fieri</span> <span class='ocrx_word' id='word_1_16' title='bbox 717 357 751 398; x_wconf 89' lang='lat' dir='ltr'>si</span> <span class='ocrx_word' id='word_1_17' title='bbox 787 356 939 412; x_wconf 83' lang='lat' dir='ltr'>poterit</span> <span class='ocrx_word' id='word_1_18' title='bbox 981 356 1264 399; x_wconf 81' lang='lat' dir='ltr'>absolvendae</span> <span class='ocrx_word' id='word_1_19' title='bbox 1302 366 1411 410; x_wconf 87' lang='lat' dir='ltr'>sunt,</span> <span class='ocrx_word' id='word_1_20' title='bbox 1461 369 1640 411; x_wconf 89' lang='lat' dir='ltr'>quarum</span> <span class='ocrx_word' id='word_1_21' title='bbox 1683 357 1812 398; x_wconf 84' lang='lat' dir='ltr'>altera</span> <span class='ocrx_word' id='word_1_22' title='bbox 1855 367 1915 398; x_wconf 89' lang='lat' dir='ltr'>est</span> <span class='ocrx_word' id='word_1_23' title='bbox 1957 357 2009 398; x_wconf 92' lang='lat' dir='ltr'>de</span> <span class='ocrx_word' id='word_1_24' title='bbox 2052 357 2300 399; x_wconf 90' lang='lat' dir='ltr'>didochmio</span> <span class='ocrx_word' id='word_1_25' title='bbox 2342 369 2441 398; x_wconf 91' lang='lat' dir='ltr'>cum</span> <span class='ocrx_word' id='word_1_26' title='bbox 2476 356 2627 399; x_wconf 79' lang='lat' dir='ltr'>iambis</span> 
     </span>
     <span class='ocr_line' id='line_1_5' title="bbox 259 422 1990 477; baseline -0.001 -12"><span class='ocrx_word' id='word_1_27' title='bbox 259 424 549 477; x_wconf 83' lang='lat' dir='ltr'>exaequando,</span> <span class='ocrx_word' id='word_1_28' title='bbox 578 422 706 465; x_wconf 89' lang='lat' dir='ltr'>altera</span> <span class='ocrx_word' id='word_1_29' title='bbox 736 423 787 464; x_wconf 88' lang='lat' dir='ltr'>de</span> <span class='ocrx_word' id='word_1_30' title='bbox 816 423 1012 464; x_wconf 89' lang='lat' dir='ltr'>trimetris</span> <span class='ocrx_word' id='word_1_31' title='bbox 1040 422 1283 477; x_wconf 84' lang='lat' dir='ltr'>vulgaribus</span> <span class='ocrx_word' id='word_1_32' title='bbox 1300 422 1487 465; x_wconf 81' lang='lat' dir='ltr'>carmini</span> <span class='ocrx_word' id='word_1_33' title='bbox 1518 423 1750 464; x_wconf 89' lang='lat' dir='ltr'>amoebaeo</span> <span class='ocrx_word' id='word_1_34' title='bbox 1778 423 1990 464; x_wconf 76' lang='lat' dir='ltr'><strong>immixtis.</strong></span> 
     </span>
    </p>

    <p class='ocr_par' dir='ltr' id='par_1_4' title="bbox 255 485 2626 663">
     <span class='ocr_line' id='line_1_6' title="bbox 471 485 2626 542; baseline -0 -12"><span class='ocrx_word' id='word_1_35' title='bbox 471 492 534 530; x_wconf 89' lang='lat' dir='ltr'>Ac</span> <span class='ocrx_word' id='word_1_36' title='bbox 555 488 778 530; x_wconf 90' lang='lat' dir='ltr'>dochmios</span> <span class='ocrx_word' id='word_1_37' title='bbox 797 488 850 530; x_wconf 91' lang='lat' dir='ltr'>ad</span> <span class='ocrx_word' id='word_1_38' title='bbox 869 488 1058 530; x_wconf 83' lang='lat' dir='ltr'>trimetra</span> <span class='ocrx_word' id='word_1_39' title='bbox 1071 485 1281 542; x_wconf 83' lang='lat' dir='ltr'>quaedam</span> <span class='ocrx_word' id='word_1_40' title='bbox 1310 488 1470 530; x_wconf 90' lang='lat' dir='ltr'>aeolica</span> <span class='ocrx_word' id='word_1_41' title='bbox 1491 488 1708 529; x_wconf 88' lang='lat' dir='ltr'>dimidiata</span> <span class='ocrx_word' id='word_1_42' title='bbox 1727 489 1986 529; x_wconf 91' lang='lat' dir='ltr'>revocandos</span> <span class='ocrx_word' id='word_1_43' title='bbox 2016 502 2105 530; x_wconf 91' lang='lat' dir='ltr'>esse</span> <span class='ocrx_word' id='word_1_44' title='bbox 2135 489 2168 529; x_wconf 89' lang='lat' dir='ltr'>si</span> <span class='ocrx_word' id='word_1_45' title='bbox 2199 489 2267 530; x_wconf 92' lang='lat' dir='ltr'>cui</span> <span class='ocrx_word' id='word_1_46' title='bbox 2298 488 2404 530; x_wconf 89' lang='lat' dir='ltr'>forte</span> <span class='ocrx_word' id='word_1_47' title='bbox 2433 487 2626 530; x_wconf 89' lang='lat' dir='ltr'>nondum</span> 
     </span>
     <span class='ocr_line' id='line_1_7' title="bbox 256 554 2626 611; baseline -0.001 -14"><span class='ocrx_word' id='word_1_48' title='bbox 256 555 332 597; x_wconf 90' lang='lat' dir='ltr'>erit</span> <span class='ocrx_word' id='word_1_49' title='bbox 364 568 626 611; x_wconf 90' lang='lat' dir='ltr'>persuasum,</span> <span class='ocrx_word' id='word_1_50' title='bbox 666 554 701 596; x_wconf 91' lang='lat' dir='ltr'>is</span> <span class='ocrx_word' id='word_1_51' title='bbox 739 554 963 596; x_wconf 91' lang='lat' dir='ltr'>nobiscum</span> <span class='ocrx_word' id='word_1_52' title='bbox 1001 554 1194 608; x_wconf 85' lang='lat' dir='ltr'>exempla</span> <span class='ocrx_word' id='word_1_53' title='bbox 1232 554 1392 608; x_wconf 88' lang='lat' dir='ltr'><strong>aliquot</strong></span> <span class='ocrx_word' id='word_1_54' title='bbox 1429 564 1705 609; x_wconf 88' lang='lat' dir='ltr'>recognoscat</span> <span class='ocrx_word' id='word_1_55' title='bbox 1742 554 1831 595; x_wconf 86' lang='lat' dir='ltr'>sine</span> <span class='ocrx_word' id='word_1_56' title='bbox 1872 554 2034 596; x_wconf 88' lang='lat' dir='ltr'>delectu</span> <span class='ocrx_word' id='word_1_57' title='bbox 2081 565 2256 610; x_wconf 74' lang='lat' dir='ltr'>arrepta,</span> <span class='ocrx_word' id='word_1_58' title='bbox 2301 567 2429 610; x_wconf 90' lang='lat' dir='ltr'><strong>quem</strong></span> <span class='ocrx_word' id='word_1_59' title='bbox 2473 567 2626 609; x_wconf 81' lang='lat' dir='ltr'>augere</span> 
     </span>
     <span class='ocr_line' id='line_1_8' title="bbox 255 619 1434 663; baseline -0.001 0"><span class='ocrx_word' id='word_1_60' title='bbox 255 635 480 663; x_wconf 89' lang='lat' dir='ltr'>numerum</span> <span class='ocrx_word' id='word_1_61' title='bbox 509 635 553 663; x_wconf 91' lang='lat' dir='ltr'>re</span> <span class='ocrx_word' id='word_1_62' title='bbox 583 621 713 663; x_wconf 88' lang='lat' dir='ltr'>semel</span> <span class='ocrx_word' id='word_1_63' title='bbox 742 631 851 663; x_wconf 88' lang='lat' dir='ltr'>recte</span> <span class='ocrx_word' id='word_1_64' title='bbox 880 620 1099 662; x_wconf 82' lang='lat' dir='ltr'>observata</span> <span class='ocrx_word' id='word_1_65' title='bbox 1127 619 1311 662; x_wconf 90' lang='lat' dir='ltr'>cuiusvis</span> <span class='ocrx_word' id='word_1_66' title='bbox 1340 620 1434 663; x_wconf 90' lang='lat' dir='ltr'>erit:</span> 
     </span>
    </p>

    <p class='ocr_par' dir='ltr' id='par_1_5' title="bbox 256 684 2627 795">
     <span class='ocr_line' id='line_1_9' title="bbox 470 684 2627 742; baseline -0 -13"><span class='ocrx_word' id='word_1_67' title='bbox 470 687 624 735; x_wconf 88' lang='lat' dir='ltr'>Aesch.</span> <span class='ocrx_word' id='word_1_68' title='bbox 655 687 778 729; x_wconf 85' lang='lat' dir='ltr'><strong>Eum.</strong></span> <span class='ocrx_word' id='word_1_69' title='bbox 815 687 1014 741; x_wconf 85' lang='lat'><strong>254—75.</strong></span> <span class='ocrx_word' id='word_1_70' title='bbox 1071 686 1238 729; x_wconf 83' lang='lat' dir='ltr'><strong>Initium</strong></span> <span class='ocrx_word' id='word_1_71' title='bbox 1282 686 1480 729; x_wconf 86' lang='lat' dir='ltr'><strong>carminis</strong></span> <span class='ocrx_word' id='word_1_72' title='bbox 1512 686 1589 729; x_wconf 62' lang='lat' dir='ltr'>&gt;vel</span> <span class='ocrx_word' id='word_1_73' title='bbox 1633 687 1837 742; x_wconf 88' lang='lat' dir='ltr'>asyndeto</span> <span class='ocrx_word' id='word_1_74' title='bbox 1868 684 2215 739; x_wconf 77' lang='grc' dir='ltr'><em>ὀσμὴ-προσγελᾷ</em></span> <span class='ocrx_word' id='word_1_75' title='bbox 2251 687 2477 742; x_wconf 87' lang='lat' dir='ltr'>significari</span> <span class='ocrx_word' id='word_1_76' title='bbox 2524 687 2627 728; x_wconf 84' lang='lat' dir='ltr'>vidit</span> 
     </span>
     <span class='ocr_line' id='line_1_10' title="bbox 256 752 612 795; baseline -0.003 0"><span class='ocrx_word' id='word_1_77' title='bbox 256 754 337 795; x_wconf 85' lang='lat' dir='ltr'>Ad.</span> <span class='ocrx_word' id='word_1_78' title='bbox 368 752 612 795; x_wconf 84' lang='lat' dir='ltr'>Kirchhoff:</span> 
     </span>
    </p>
   </div>
   <div class='ocr_carea' id='block_1_4' title="bbox 397 893 2479 1427">
    <p class='ocr_par' dir='ltr' id='par_1_6' title="bbox 397 893 2479 1006">
     <span class='ocr_line' id='line_1_11' title="bbox 493 893 2357 946; baseline -0.001 -11"><span class='ocrx_word' id='word_1_79' title='bbox 493 893 592 945; x_wconf 80' lang='grc' dir='ltr'><em>ὀσμὴ</em></span> <span class='ocrx_word' id='word_1_80' title='bbox 617 896 809 945; x_wconf 77' lang='grc' dir='ltr'><strong><em>βροτείων</em></strong></span> <span class='ocrx_word' id='word_1_81' title='bbox 835 894 1010 943; x_wconf 74' lang='grc' dir='ltr'><em>αἱμάτων</em></span> <span class='ocrx_word' id='word_1_82' title='bbox 1033 907 1082 943; x_wconf 83' lang='grc' dir='ltr'><em>με</em></span> <span class='ocrx_word' id='word_1_83' title='bbox 1105 896 1320 946; x_wconf 79' lang='grc' dir='ltr'><em>προσγελᾷ·</em></span> <span class='ocrx_word' id='word_1_84' title='bbox 1571 896 1617 935; x_wconf 84' lang='grc' dir='ltr'><em>τὸ</em></span> <span class='ocrx_word' id='word_1_85' title='bbox 1643 896 1775 944; x_wconf 81' lang='grc' dir='ltr'><strong><em>διερὸν</em></strong></span> <span class='ocrx_word' id='word_1_86' title='bbox 1798 896 1910 933; x_wconf 85' lang='grc' dir='ltr'><em>πέδοι</em></span> <span class='ocrx_word' id='word_1_87' title='bbox 1936 897 2174 943; x_wconf 73' lang='grc' dir='ltr'><em>[κε1χὺμενον</em></span> <span class='ocrx_word' id='word_1_88' title='bbox 2199 895 2357 944; x_wconf 80' lang='grc' dir='ltr'><em>οἴχεται·</em></span> 
     </span>
     <span class='ocr_line' id='line_1_12' title="bbox 397 949 2479 1006; baseline 0.001 -14"><span class='ocrx_word' id='word_1_89' title='bbox 397 957 469 993; x_wconf 76' lang='lat'>255</span> <span class='ocrx_word' id='word_1_90' title='bbox 495 950 568 1006; x_wconf 69' lang='grc' dir='ltr'><em>ὅρα</em></span> <span class='ocrx_word' id='word_1_91' title='bbox 594 949 668 1005; x_wconf 73' lang='grc' dir='ltr'><em>ὅρα</em></span> <span class='ocrx_word' id='word_1_92' title='bbox 691 952 783 1004; x_wconf 81' lang='grc' dir='ltr'><em>μάλ’</em></span> <span class='ocrx_word' id='word_1_93' title='bbox 813 952 873 1000; x_wconf 78' lang='grc' dir='ltr'><em>αὖ,</em></span> <span class='ocrx_word' id='word_1_94' title='bbox 899 955 1043 993; x_wconf 78' lang='grc' dir='ltr'><em>λεῦσσέ</em></span> <span class='ocrx_word' id='word_1_95' title='bbox 1074 968 1115 994; x_wconf 91' lang='grc' dir='ltr'>τε</span> <span class='ocrx_word' id='word_1_96' title='bbox 1138 955 1277 1000; x_wconf 78' lang='grc' dir='ltr'><em>παντα,</em></span> <span class='ocrx_word' id='word_1_97' title='bbox 1301 957 1352 1004; x_wconf 79' lang='grc' dir='ltr'>μή</span> <span class='ocrx_word' id='word_1_98' title='bbox 1571 953 1657 994; x_wconf 77' lang='grc' dir='ltr'><em>ἀλλ’</em></span> <span class='ocrx_word' id='word_1_99' title='bbox 1688 953 1916 994; x_wconf 74' lang='grc' dir='ltr'><em>ἀντιδοῦναι</em></span> <span class='ocrx_word' id='word_1_100' title='bbox 1942 958 2005 993; x_wconf 86' lang='grc' dir='ltr'>δεῖ</span> <span class='ocrx_word' id='word_1_101' title='bbox 2018 951 2054 993; x_wconf 89' lang='grc' dir='ltr'>σ’</span> <span class='ocrx_word' id='word_1_102' title='bbox 2084 953 2163 994; x_wconf 75' lang='grc' dir='ltr'>ἀπὸ</span> <span class='ocrx_word' id='word_1_103' title='bbox 2182 956 2324 1004; x_wconf 85' lang='grc' dir='ltr'><em>ζῶντος</em></span> <span class='ocrx_word' id='word_1_104' title='bbox 2340 956 2479 1005; x_wconf 78' lang='grc' dir='ltr'><strong><em>ῥοφεῖν</em></strong></span> 
     </span>
    </p>

    <p class='ocr_par' dir='ltr' id='par_1_7' title="bbox 493 1010 2479 1066">
     <span class='ocr_line' id='line_1_13' title="bbox 493 1010 2479 1066; baseline 0.001 -12"><span class='ocrx_word' id='word_1_105' title='bbox 493 1017 598 1065; x_wconf 78' lang='grc' dir='ltr'>λάθῃ</span> <span class='ocrx_word' id='word_1_106' title='bbox 623 1017 755 1064; x_wconf 74' lang='grc' dir='ltr'><em>φύγδα</em></span> <span class='ocrx_word' id='word_1_107' title='bbox 778 1016 852 1064; x_wconf 86' lang='grc' dir='ltr'>βὰς</span> <span class='ocrx_word' id='word_1_108' title='bbox 878 1010 925 1062; x_wconf 82' lang='grc' dir='ltr'>[ὃ]</span> <span class='ocrx_word' id='word_1_109' title='bbox 951 1016 1201 1065; x_wconf 79' lang='grc' dir='ltr'><em>ματροφόνος</em></span> <span class='ocrx_word' id='word_1_110' title='bbox 1226 1011 1365 1060; x_wconf 75' lang='grc' dir='ltr'><em>ἀτίτας.</em></span> <span class='ocrx_word' id='word_1_111' title='bbox 1473 1017 1545 1054; x_wconf 91' lang='grc'>265</span> <span class='ocrx_word' id='word_1_112' title='bbox 1572 1016 1743 1066; x_wconf 78' lang='grc' dir='ltr'><em>ἐρυθρὸν</em></span> <span class='ocrx_word' id='word_1_113' title='bbox 1769 1016 1812 1055; x_wconf 79' lang='grc' dir='ltr'>ἐκ</span> <span class='ocrx_word' id='word_1_114' title='bbox 1835 1015 1986 1064; x_wconf 79' lang='grc' dir='ltr'><em>μελέων</em></span> <span class='ocrx_word' id='word_1_115' title='bbox 2023 1015 2210 1054; x_wconf 75' lang='grc' dir='ltr'><em>πέλανον·</em></span> <span class='ocrx_word' id='word_1_116' title='bbox 2237 1012 2313 1055; x_wconf 75' lang='grc' dir='ltr'>ἀπὸ</span> <span class='ocrx_word' id='word_1_117' title='bbox 2340 1016 2383 1055; x_wconf 80' lang='grc' dir='ltr'>δὲ</span> <span class='ocrx_word' id='word_1_118' title='bbox 2408 1017 2479 1055; x_wconf 83' lang='grc' dir='ltr'>σοῦ</span> 
     </span>
    </p>

    <p class='ocr_par' dir='ltr' id='par_1_8' title="bbox 496 1071 1939 1127">
     <span class='ocr_line' id='line_1_14' title="bbox 496 1071 1939 1127; baseline -0.001 -12"><span class='ocrx_word' id='word_1_119' title='bbox 496 1071 559 1115; x_wconf 73' lang='grc' dir='ltr'>δ’δ’</span> <span class='ocrx_word' id='word_1_120' title='bbox 590 1073 682 1114; x_wconf 83' lang='grc' dir='ltr'><em>αὖτέ</em></span> <span class='ocrx_word' id='word_1_121' title='bbox 705 1072 744 1124; x_wconf 84' lang='grc' dir='ltr'>γ’</span> <span class='ocrx_word' id='word_1_122' title='bbox 775 1072 899 1116; x_wconf 79' lang='grc' dir='ltr'><em>ἀλκὰν</em></span> <span class='ocrx_word' id='word_1_123' title='bbox 926 1072 1027 1124; x_wconf 83' lang='grc' dir='ltr'><em>ἔχων</em></span> <span class='ocrx_word' id='word_1_124' title='bbox 1571 1077 1765 1127; x_wconf 78' lang='grc' dir='ltr'><em>φεροίμαν</em></span> <span class='ocrx_word' id='word_1_125' title='bbox 1788 1076 1939 1126; x_wconf 82' lang='grc' dir='ltr'><em>βοσκάν</em></span> 
     </span>
    </p>

    <p class='ocr_par' dir='ltr' id='par_1_9' title="bbox 1569 1138 1987 1186">
     <span class='ocr_line' id='line_1_15' title="bbox 1569 1138 1987 1186; baseline -0.005 -10"><span class='ocrx_word' id='word_1_126' title='bbox 1569 1139 1755 1186; x_wconf 82' lang='grc' dir='ltr'><em>πώματος</em></span> <span class='ocrx_word' id='word_1_127' title='bbox 1780 1138 1987 1175; x_wconf 79' lang='grc' dir='ltr'><em>δυσπότου.</em></span> 
     </span>
    </p>

    <p class='ocr_par' dir='ltr' id='par_1_10' title="bbox 397 1193 2452 1305">
     <span class='ocr_line' id='line_1_16' title="bbox 491 1193 2452 1247; baseline -0.001 -11"><span class='ocrx_word' id='word_1_128' title='bbox 491 1199 579 1247; x_wconf 84' lang='grc' dir='ltr'><em>περὶ</em></span> <span class='ocrx_word' id='word_1_129' title='bbox 602 1196 731 1247; x_wconf 83' lang='grc' dir='ltr'><em>βρέτει</em></span> <span class='ocrx_word' id='word_1_130' title='bbox 754 1200 936 1245; x_wconf 74' lang='grc' dir='ltr'><em>πλεχθεὶς</em></span> <span class='ocrx_word' id='word_1_131' title='bbox 960 1197 1056 1242; x_wconf 81' lang='grc' dir='ltr'><em>θεᾶς</em></span> <span class='ocrx_word' id='word_1_132' title='bbox 1081 1193 1279 1246; x_wconf 80' lang='grc' dir='ltr'><em>ἀμβρότου</em></span> <span class='ocrx_word' id='word_1_133' title='bbox 1568 1201 1635 1236; x_wconf 77' lang='grc' dir='ltr'><em>καὶ</em></span> <span class='ocrx_word' id='word_1_134' title='bbox 1661 1197 1788 1246; x_wconf 82' lang='grc' dir='ltr'><em>ζῶντά</em></span> <span class='ocrx_word' id='word_1_135' title='bbox 1814 1193 1850 1234; x_wconf 84' lang='grc' dir='ltr'>σ’</span> <span class='ocrx_word' id='word_1_136' title='bbox 1881 1193 2083 1245; x_wconf 80' lang='grc' dir='ltr'><em>ἰσχνάνασ’</em></span> <span class='ocrx_word' id='word_1_137' title='bbox 2114 1194 2311 1244; x_wconf 77' lang='grc' dir='ltr'><em>ἀπάξομαι</em></span> <span class='ocrx_word' id='word_1_138' title='bbox 2334 1198 2452 1242; x_wconf 83' lang='grc' dir='ltr'><em>κάτω,</em></span> 
     </span>
     <span class='ocr_line' id='line_1_17' title="bbox 397 1251 1948 1305; baseline 0 -12"><span class='ocrx_word' id='word_1_139' title='bbox 397 1258 469 1294; x_wconf 90' lang='grc'>260</span> <span class='ocrx_word' id='word_1_140' title='bbox 493 1251 679 1301; x_wconf 70' lang='grc' dir='ltr'><em>ὑποδικος</em></span> <span class='ocrx_word' id='word_1_141' title='bbox 702 1257 810 1294; x_wconf 77' lang='grc' dir='ltr'><em>θέλει</em></span> <span class='ocrx_word' id='word_1_142' title='bbox 835 1257 1018 1305; x_wconf 79' lang='grc' dir='ltr'><em>γενέσθαι</em></span> <span class='ocrx_word' id='word_1_143' title='bbox 1041 1258 1180 1305; x_wconf 86' lang='grc' dir='ltr'><em>χρεῶν.</em></span> <span class='ocrx_word' id='word_1_144' title='bbox 1570 1254 1818 1301; x_wconf 78' lang='grc' dir='ltr'><em>ἂντιποίνους</em></span> <span class='ocrx_word' id='word_1_145' title='bbox 1841 1258 1948 1304; x_wconf 76' lang='grc' dir='ltr'><em>τίνῃς</em></span> 
     </span>
    </p>

    <p class='ocr_par' dir='ltr' id='par_1_11' title="bbox 492 1312 1950 1369">
     <span class='ocr_line' id='line_1_18' title="bbox 492 1312 1950 1369; baseline -0.001 -13"><span class='ocrx_word' id='word_1_146' title='bbox 492 1316 538 1356; x_wconf 85' lang='grc' dir='ltr'><em>τὸ</em></span> <span class='ocrx_word' id='word_1_147' title='bbox 565 1312 601 1356; x_wconf 83' lang='grc' dir='ltr'>δ’</span> <span class='ocrx_word' id='word_1_148' title='bbox 632 1313 677 1355; x_wconf 80' lang='grc' dir='ltr'>οὐ</span> <span class='ocrx_word' id='word_1_149' title='bbox 702 1317 905 1367; x_wconf 84' lang='grc' dir='ltr'><em>πάρεστιν·</em></span> <span class='ocrx_word' id='word_1_150' title='bbox 934 1312 1028 1365; x_wconf 74' lang='grc' dir='ltr'><em>αἷμα</em></span> <span class='ocrx_word' id='word_1_151' title='bbox 1050 1317 1233 1369; x_wconf 83' lang='grc' dir='ltr'><em>μητρῷον</em></span> <span class='ocrx_word' id='word_1_152' title='bbox 1256 1317 1380 1366; x_wconf 78' lang='grc' dir='ltr'><em>χαμαί</em></span> <span class='ocrx_word' id='word_1_153' title='bbox 1568 1317 1820 1367; x_wconf 79' lang='grc' dir='ltr'><em>μητροφόνος</em></span> <span class='ocrx_word' id='word_1_154' title='bbox 1845 1317 1950 1362; x_wconf 83' lang='grc' dir='ltr'><em>δύας,</em></span> 
     </span>
    </p>

    <p class='ocr_par' dir='ltr' id='par_1_12' title="bbox 494 1374 2370 1427">
     <span class='ocr_line' id='line_1_19' title="bbox 494 1374 2370 1427; baseline -0.001 -11"><span class='ocrx_word' id='word_1_155' title='bbox 494 1377 815 1426; x_wconf 80' lang='grc' dir='ltr'><em>δυσαγκόμιστον,</em></span> <span class='ocrx_word' id='word_1_156' title='bbox 840 1383 977 1422; x_wconf 83' lang='grc' dir='ltr'><em>παπαῖ,</em></span> <span class='ocrx_word' id='word_1_157' title='bbox 1236 1408 1238 1410; x_wconf 88' lang='grc'>-</span> <span class='ocrx_word' id='word_1_158' title='bbox 1473 1380 1544 1416; x_wconf 89' lang='grc'>269</span> <span class='ocrx_word' id='word_1_159' title='bbox 1570 1374 1663 1427; x_wconf 79' lang='grc' dir='ltr'><em>ὄψει</em></span> <span class='ocrx_word' id='word_1_160' title='bbox 1689 1378 1731 1416; x_wconf 81' lang='grc' dir='ltr'>δὲ</span> <span class='ocrx_word' id='word_1_161' title='bbox 1755 1376 1823 1416; x_wconf 81' lang='grc' dir='ltr'><em>κεῖ</em></span> <span class='ocrx_word' id='word_1_162' title='bbox 1840 1391 1897 1422; x_wconf 82' lang='grc' dir='ltr'><em>τις</em></span> <span class='ocrx_word' id='word_1_163' title='bbox 1921 1374 2038 1422; x_wconf 81' lang='grc' dir='ltr'><em>ἄλλος</em></span> <span class='ocrx_word' id='word_1_164' title='bbox 2062 1374 2192 1427; x_wconf 80' lang='grc' dir='ltr'><em>ἤλιτεν</em></span> <span class='ocrx_word' id='word_1_165' title='bbox 2214 1379 2370 1427; x_wconf 79' lang='grc' dir='ltr'><em>βροτῶν</em></span> 
     </span>
    </p>
   </div>
   <div class='ocr_carea' id='block_1_5' title="bbox 971 1525 1792 1697">
    <p class='ocr_par' dir='ltr' id='par_1_13' title="bbox 971 1525 1792 1697">
     <span class='ocr_line' id='line_1_20' title="bbox 971 1525 1731 1578; baseline 0.004 -15"><span class='ocrx_word' id='word_1_166' title='bbox 971 1528 1043 1565; x_wconf 83' lang='grc'>270</span> <span class='ocrx_word' id='word_1_167' title='bbox 1068 1525 1091 1576; x_wconf 81' lang='grc' dir='ltr'><strong><em>ἦ</em></strong></span> <span class='ocrx_word' id='word_1_168' title='bbox 1116 1528 1213 1566; x_wconf 74' lang='grc' dir='ltr'><em>θεὸν</em></span> <span class='ocrx_word' id='word_1_169' title='bbox 1237 1531 1262 1577; x_wconf 78' lang='grc' dir='ltr'><em>ἢ</em></span> <span class='ocrx_word' id='word_1_170' title='bbox 1287 1528 1401 1572; x_wconf 81' lang='grc' dir='ltr'><em>ξένον</em></span> <span class='ocrx_word' id='word_1_171' title='bbox 1425 1525 1498 1566; x_wconf 88' lang='grc' dir='ltr'><em>τιν’</em></span> <span class='ocrx_word' id='word_1_172' title='bbox 1529 1525 1684 1578; x_wconf 79' lang='grc' dir='ltr'><em>ἀσεβῶν</em></span> <span class='ocrx_word' id='word_1_173' title='bbox 1708 1525 1731 1577; x_wconf 83' lang='grc' dir='ltr'><em>ἢ</em></span> 
     </span>
     <span class='ocr_line' id='line_1_21' title="bbox 1067 1588 1384 1637; baseline 0 -11"><span class='ocrx_word' id='word_1_174' title='bbox 1067 1588 1211 1637; x_wconf 81' lang='grc' dir='ltr'><em>τοκῆας</em></span> <span class='ocrx_word' id='word_1_175' title='bbox 1235 1588 1384 1636; x_wconf 78' lang='grc' dir='ltr'><em>φίλους,</em></span> 
     </span>
     <span class='ocr_line' id='line_1_22' title="bbox 1067 1644 1792 1697; baseline -0.001 -11"><span class='ocrx_word' id='word_1_176' title='bbox 1067 1644 1202 1696; x_wconf 76' lang='grc' dir='ltr'><em>ἔχονθ’</em></span> <span class='ocrx_word' id='word_1_177' title='bbox 1232 1645 1396 1687; x_wconf 77' lang='grc' dir='ltr'><em>ἕκαστον</em></span> <span class='ocrx_word' id='word_1_178' title='bbox 1422 1648 1488 1697; x_wconf 84' lang='grc' dir='ltr'><em>τῆς</em></span> <span class='ocrx_word' id='word_1_179' title='bbox 1513 1649 1619 1696; x_wconf 78' lang='grc' dir='ltr'><em>δίκης</em></span> <span class='ocrx_word' id='word_1_180' title='bbox 1642 1647 1792 1693; x_wconf 76' lang='grc' dir='ltr'><em>ἐπάξια.</em></span> 
     </span>
    </p>
   </div>
   <div class='ocr_carea' id='block_1_6' title="bbox 969 1791 1926 1968">
    <p class='ocr_par' dir='ltr' id='par_1_14' title="bbox 969 1791 1926 1968">
     <span class='ocr_line' id='line_1_23' title="bbox 1065 1791 1926 1847; baseline 0.001 -12"><span class='ocrx_word' id='word_1_181' title='bbox 1065 1797 1186 1846; x_wconf 81' lang='grc' dir='ltr'><em>μέγας</em></span> <span class='ocrx_word' id='word_1_182' title='bbox 1210 1797 1286 1846; x_wconf 87' lang='grc' dir='ltr'>γὰρ</span> <span class='ocrx_word' id='word_1_183' title='bbox 1302 1791 1429 1846; x_wconf 69' lang='grc' dir='ltr'><em>Ἅιδης</em></span> <span class='ocrx_word' id='word_1_184' title='bbox 1453 1797 1557 1836; x_wconf 80' lang='grc' dir='ltr'><em>ἐστὶν</em></span> <span class='ocrx_word' id='word_1_185' title='bbox 1582 1795 1746 1843; x_wconf 79' lang='grc' dir='ltr'><em>εὔθυνος</em></span> <span class='ocrx_word' id='word_1_186' title='bbox 1768 1799 1926 1847; x_wconf 79' lang='grc' dir='ltr'><em>βροτῶν</em></span> 
     </span>
     <span class='ocr_line' id='line_1_24' title="bbox 1069 1854 1385 1905; baseline 0 -11"><span class='ocrx_word' id='word_1_187' title='bbox 1069 1854 1204 1904; x_wconf 75' lang='grc' dir='ltr'><em>ἔνερθε</em></span> <span class='ocrx_word' id='word_1_188' title='bbox 1225 1859 1385 1905; x_wconf 75' lang='grc' dir='ltr'><em>χθονός,</em></span> 
     </span>
     <span class='ocr_line' id='line_1_25' title="bbox 969 1913 1845 1968; baseline 0 -14"><span class='ocrx_word' id='word_1_189' title='bbox 969 1917 1040 1954; x_wconf 86' lang='grc'>275</span> <span class='ocrx_word' id='word_1_190' title='bbox 1067 1917 1320 1965; x_wconf 81' lang='grc' dir='ltr'><em>δελτογράφῳ</em></span> <span class='ocrx_word' id='word_1_191' title='bbox 1350 1916 1392 1954; x_wconf 82' lang='grc' dir='ltr'>δὲ</span> <span class='ocrx_word' id='word_1_192' title='bbox 1415 1913 1528 1955; x_wconf 83' lang='grc' dir='ltr'><em>πάντ’</em></span> <span class='ocrx_word' id='word_1_193' title='bbox 1560 1916 1695 1968; x_wconf 80' lang='grc' dir='ltr'><em>ἐπωπᾷ</em></span> <span class='ocrx_word' id='word_1_194' title='bbox 1719 1918 1845 1966; x_wconf 82' lang='grc' dir='ltr'><em>φρενί.</em></span> 
     </span>
    </p>
   </div>
   <div class='ocr_carea' id='block_1_7' title="bbox 515 2051 2621 3080">
    <p class='ocr_par' dir='ltr' id='par_1_15' title="bbox 515 2051 2621 3080">
     <span class='ocr_line' id='line_1_26' title="bbox 868 2051 2621 2105; baseline 0.001 -13"><span class='ocrx_word' id='word_1_195' title='bbox 868 2100 870 2102; x_wconf 17' lang='lat' dir='ltr'>v</span> <span class='ocrx_word' id='word_1_196' title='bbox 970 2055 1041 2092; x_wconf 79' lang='lat'>255</span> <span class='ocrx_word' id='word_1_197' title='bbox 1066 2054 1226 2092; x_wconf 82' lang='grc' dir='ltr'><em>λεύσσε.</em></span> <span class='ocrx_word' id='word_1_198' title='bbox 1241 2067 1333 2092; x_wconf 82' lang='grc' dir='ltr'><em>,τον</em></span> <span class='ocrx_word' id='word_1_199' title='bbox 1501 2056 1571 2092; x_wconf 84' lang='grc'>257</span> <span class='ocrx_word' id='word_1_200' title='bbox 1598 2051 1634 2103; x_wconf 82' lang='grc' dir='ltr'>γ’</span> <span class='ocrx_word' id='word_1_201' title='bbox 1665 2052 1736 2093; x_wconf 77' lang='grc' dir='ltr'>οὖν</span> <span class='ocrx_word' id='word_1_202' title='bbox 1905 2056 1977 2092; x_wconf 90' lang='grc'>260</span> <span class='ocrx_word' id='word_1_203' title='bbox 1999 2056 2128 2105; x_wconf 80' lang='grc' dir='ltr'><em>χερῶν</em></span> <span class='ocrx_word' id='word_1_204' title='bbox 2298 2057 2367 2093; x_wconf 88' lang='grc'>266</span> <span class='ocrx_word' id='word_1_205' title='bbox 2392 2060 2499 2104; x_wconf 79' lang='grc' dir='ltr'><em>βοσκ.</em></span> <span class='ocrx_word' id='word_1_206' title='bbox 2535 2069 2621 2104; x_wconf 87' lang='grc' dir='ltr'><em>φερ.</em></span> 
     </span>
     <span class='ocr_line' id='line_1_27' title="bbox 515 2113 2154 2163; baseline 0.001 -12"><span class='ocrx_word' id='word_1_207' title='bbox 515 2114 585 2151; x_wconf 91' lang='grc'>268</span> <span class='ocrx_word' id='word_1_208' title='bbox 611 2128 657 2150; x_wconf 85' lang='lat' dir='ltr'>an</span> <span class='ocrx_word' id='word_1_209' title='bbox 692 2113 798 2158; x_wconf 65' lang='lat'>&lt;2⁷11‘&gt;</span> <span class='ocrx_word' id='word_1_210' title='bbox 835 2114 961 2152; x_wconf 80' lang='grc' dir='ltr'><em>ἅντιπ.</em></span> <span class='ocrx_word' id='word_1_211' title='bbox 979 2115 998 2151; x_wconf 80' lang='lat'>⁸?</span> <span class='ocrx_word' id='word_1_212' title='bbox 1095 2114 1347 2163; x_wconf 80' lang='grc' dir='ltr'><em>μητροφόνας</em></span> <span class='ocrx_word' id='word_1_213' title='bbox 1502 2115 1573 2153; x_wconf 87' lang='grc'>269</span> <span class='ocrx_word' id='word_1_214' title='bbox 1600 2113 1718 2153; x_wconf 80' lang='grc' dir='ltr'><em>ἄλλον</em></span> <span class='ocrx_word' id='word_1_215' title='bbox 1909 2116 1979 2153; x_wconf 81' lang='grc'>271</span> <span class='ocrx_word' id='word_1_216' title='bbox 2006 2115 2154 2161; x_wconf 81' lang='grc' dir='ltr'><em>τοκέας.</em></span> 
     </span>
     <span class='ocr_line' id='line_1_28' title="bbox 983 2269 1815 2312; baseline 0.005 -10"><span class='ocrx_word' id='word_1_217' title='bbox 983 2269 1064 2302; x_wconf 62' lang='lat' dir='ltr'>{rim</span> <span class='ocrx_word' id='word_1_218' title='bbox 1079 2289 1100 2310; x_wconf 83' lang='grc' dir='ltr'>Η</span> <span class='ocrx_word' id='word_1_219' title='bbox 1233 2286 1250 2312; x_wconf 72' lang='lat'>5</span> <span class='ocrx_word' id='word_1_220' title='bbox 1548 2269 1594 2305; x_wconf 74' lang='grc' dir='ltr'>δδ</span> <span class='ocrx_word' id='word_1_221' title='bbox 1605 2288 1627 2311; x_wconf 77' lang='grc' dir='ltr'>Η</span> <span class='ocrx_word' id='word_1_222' title='bbox 1797 2280 1815 2306; x_wconf 86' lang='grc'><strong>6</strong></span> 
     </span>
     <span class='ocr_line' id='line_1_29' title="bbox 983 2317 1815 2360; baseline -0.002 -8"><span class='ocrx_word' id='word_1_223' title='bbox 983 2317 1029 2352; x_wconf 74' lang='grc' dir='ltr'>δδ</span> <span class='ocrx_word' id='word_1_224' title='bbox 1232 2333 1250 2360; x_wconf 70' lang='lat'>3</span> <span class='ocrx_word' id='word_1_225' title='bbox 1547 2318 1628 2351; x_wconf 74' lang='lat' dir='ltr'>tr1&#39;m</span> <span class='ocrx_word' id='word_1_226' title='bbox 1797 2328 1815 2354; x_wconf 72' lang='lat'><strong>6</strong></span> 
     </span>
     <span class='ocr_line' id='line_1_30' title="bbox 982 2365 1815 2407; baseline 0.004 -8"><span class='ocrx_word' id='word_1_227' title='bbox 982 2365 1039 2400; x_wconf 80' lang='grc' dir='ltr'>δδ.</span> <span class='ocrx_word' id='word_1_228' title='bbox 1232 2382 1249 2407; x_wconf 71' lang='grc' dir='ltr'>(ς</span> <span class='ocrx_word' id='word_1_229' title='bbox 1546 2366 1594 2401; x_wconf 78' lang='grc' dir='ltr'>δδ</span> <span class='ocrx_word' id='word_1_230' title='bbox 1797 2376 1815 2402; x_wconf 78' lang='grc'><strong>6</strong></span> 
     </span>
     <span class='ocr_line' id='line_1_31' title="bbox 981 2413 1815 2450; baseline 0.004 -4"><span class='ocrx_word' id='word_1_231' title='bbox 981 2413 1054 2446; x_wconf 85' lang='lat' dir='ltr'>dim</span> <span class='ocrx_word' id='word_1_232' title='bbox 1231 2420 1248 2444; x_wconf 81' lang='lat'>4</span> <span class='ocrx_word' id='word_1_233' title='bbox 1268 2418 1302 2444; x_wconf 77' lang='lat'>22</span> <span class='ocrx_word' id='word_1_234' title='bbox 1547 2413 1570 2449; x_wconf 96' lang='grc' dir='ltr'><em>δ</em></span> <span class='ocrx_word' id='word_1_235' title='bbox 1797 2423 1815 2450; x_wconf 79' lang='lat' dir='ltr'>s</span> 
     </span>
     <span class='ocr_line' id='line_1_32' title="bbox 1545 2462 1815 2497; baseline 0.011 -3"><span class='ocrx_word' id='word_1_236' title='bbox 1545 2462 1632 2494; x_wconf 83' lang='lat' dir='ltr'>dim.</span> <span class='ocrx_word' id='word_1_237' title='bbox 1797 2472 1815 2497; x_wconf 69' lang='lat'>4</span> 
     </span>
     <span class='ocr_line' id='line_1_33' title="bbox 982 2507 1816 2550; baseline 0.004 -8"><span class='ocrx_word' id='word_1_238' title='bbox 982 2507 1029 2542; x_wconf 75' lang='lat'>(56</span> <span class='ocrx_word' id='word_1_239' title='bbox 1039 2527 1062 2548; x_wconf 79' lang='grc' dir='ltr'>Η</span> <span class='ocrx_word' id='word_1_240' title='bbox 1231 2514 1249 2540; x_wconf 79' lang='grc'><strong>6</strong></span> <span class='ocrx_word' id='word_1_241' title='bbox 1548 2509 1628 2542; x_wconf 69' lang='lat' dir='ltr'>trim</span> <span class='ocrx_word' id='word_1_242' title='bbox 1643 2527 1665 2550; x_wconf 72' lang='grc' dir='ltr'>Η</span> <span class='ocrx_word' id='word_1_243' title='bbox 1799 2520 1816 2545; x_wconf 83' lang='grc'><strong>6</strong></span> 
     </span>
     <span class='ocr_line' id='line_1_34' title="bbox 982 2556 1816 2594; baseline 0 -4"><span class='ocrx_word' id='word_1_244' title='bbox 982 2556 1039 2591; x_wconf 83' lang='grc' dir='ltr'>δδ.</span> <span class='ocrx_word' id='word_1_245' title='bbox 1232 2564 1250 2589; x_wconf 81' lang='grc'><strong>6</strong></span> <span class='ocrx_word' id='word_1_246' title='bbox 1545 2557 1621 2590; x_wconf 81' lang='lat' dir='ltr'>dim</span> <span class='ocrx_word' id='word_1_247' title='bbox 1798 2569 1816 2594; x_wconf 75' lang='lat'>4</span> 
     </span>
     <span class='ocr_line' id='line_1_35' title="bbox 983 2603 1815 2642; baseline 0.006 -5"><span class='ocrx_word' id='word_1_248' title='bbox 983 2603 1066 2637; x_wconf 85' lang='lat' dir='ltr'>trim</span> <span class='ocrx_word' id='word_1_249' title='bbox 1232 2612 1250 2639; x_wconf 80' lang='grc'><strong>6</strong></span> <span class='ocrx_word' id='word_1_250' title='bbox 1546 2605 1569 2641; x_wconf 82' lang='grc' dir='ltr'><em>δ</em></span> <span class='ocrx_word' id='word_1_251' title='bbox 1798 2616 1815 2642; x_wconf 80' lang='grc'><strong>3</strong></span> 
     </span>
     <span class='ocr_line' id='line_1_36' title="bbox 981 2651 1870 2690; baseline 0.002 -5"><span class='ocrx_word' id='word_1_252' title='bbox 981 2651 1059 2685; x_wconf 82' lang='lat' dir='ltr'>dim</span> <span class='ocrx_word' id='word_1_253' title='bbox 1232 2661 1251 2686; x_wconf 73' lang='grc' dir='ltr'><em>ι</em></span> <span class='ocrx_word' id='word_1_254' title='bbox 1268 2661 1304 2687; x_wconf 73' lang='lat'>8²</span> <span class='ocrx_word' id='word_1_255' title='bbox 1547 2654 1629 2686; x_wconf 83' lang='lat' dir='ltr'>trim</span> <span class='ocrx_word' id='word_1_256' title='bbox 1797 2665 1815 2690; x_wconf 72' lang='lat' dir='ltr'>e</span> <span class='ocrx_word' id='word_1_257' title='bbox 1834 2664 1870 2689; x_wconf 74' lang='lat' dir='ltr'><strong>u</strong></span> 
     </span>
     <span class='ocr_line' id='line_1_37' title="bbox 1296 2753 1360 2790; baseline 0.016 -1"><span class='ocrx_word' id='word_1_258' title='bbox 1296 2753 1360 2790; x_wconf 66' lang='grc' dir='ltr'>ὅδ’</span> 
     </span>
     <span class='ocr_line' id='line_1_38' title="bbox 1296 2802 1344 2858; baseline 0 0"><span class='ocrx_word' id='word_1_259' title='bbox 1296 2802 1319 2836; x_wconf 71' lang='grc' dir='ltr'><em>δ</em></span> <span class='ocrx_word' id='word_1_260' title='bbox 1337 2851 1344 2858; x_wconf 70' lang='grc' dir='ltr'>ι</span> 
     </span>
     <span class='ocr_line' id='line_1_39' title="bbox 1296 2855 1546 2887; baseline 0.012 -3"><span class='ocrx_word' id='word_1_261' title='bbox 1296 2855 1390 2885; x_wconf 68' lang='lat' dir='ltr'>trum.</span> <span class='ocrx_word' id='word_1_262' title='bbox 1511 2860 1546 2887; x_wconf 83' lang='lat'>15</span> 
     </span>
     <span class='ocr_line' id='line_1_40' title="bbox 1295 2948 1380 2980; baseline 0 0"><span class='ocrx_word' id='word_1_263' title='bbox 1295 2948 1380 2980; x_wconf 85' lang='lat' dir='ltr'>trim</span> 
     </span>
     <span class='ocr_line' id='line_1_41' title="bbox 1295 2995 1317 3030; baseline 0 0"><span class='ocrx_word' id='word_1_264' title='bbox 1295 2995 1317 3030; x_wconf 81' lang='grc' dir='ltr'><em>δ</em></span> 
     </span>
     <span class='ocr_line' id='line_1_42' title="bbox 1294 3043 1545 3080; baseline 0.004 -1"><span class='ocrx_word' id='word_1_265' title='bbox 1294 3043 1342 3080; x_wconf 94' lang='grc' dir='ltr'>δδ</span> <span class='ocrx_word' id='word_1_266' title='bbox 1477 3052 1480 3055; x_wconf 81' lang='grc'><strong>’</strong></span> <span class='ocrx_word' id='word_1_267' title='bbox 1511 3054 1545 3080; x_wconf 75' lang='grc' dir='ltr'>ιε</span> 
     </span>
    </p>
   </div>
   <div class='ocr_carea' id='block_1_8' title="bbox 248 3182 2620 3503">
    <p class='ocr_par' dir='ltr' id='par_1_16' title="bbox 248 3182 2620 3503">
     <span class='ocr_line' id='line_1_43' title="bbox 467 3182 2619 3238; baseline 0.001 -15"><span class='ocrx_word' id='word_1_268' title='bbox 467 3182 574 3224; x_wconf 91' lang='lat' dir='ltr'>Sunt</span> <span class='ocrx_word' id='word_1_269' title='bbox 616 3183 689 3237; x_wconf 91' lang='lat' dir='ltr'>qui</span> <span class='ocrx_word' id='word_1_270' title='bbox 732 3193 852 3224; x_wconf 87' lang='lat' dir='ltr'>notas</span> <span class='ocrx_word' id='word_1_271' title='bbox 895 3184 1077 3225; x_wconf 90' lang='lat' dir='ltr'>musicas</span> <span class='ocrx_word' id='word_1_272' title='bbox 1120 3196 1190 3225; x_wconf 91' lang='lat' dir='ltr'>aut</span> <span class='ocrx_word' id='word_1_273' title='bbox 1231 3184 1523 3238; x_wconf 85' lang='lat' dir='ltr'>grammaticas</span> <span class='ocrx_word' id='word_1_274' title='bbox 1566 3184 1720 3225; x_wconf 85' lang='lat' dir='ltr'>litteras</span> <span class='ocrx_word' id='word_1_275' title='bbox 1768 3184 1939 3238; x_wconf 88' lang='lat' dir='ltr'>scriptas</span> <span class='ocrx_word' id='word_1_276' title='bbox 1981 3184 2165 3237; x_wconf 84' lang='lat' dir='ltr'>legentes</span> <span class='ocrx_word' id='word_1_277' title='bbox 2195 3196 2399 3225; x_wconf 90' lang='lat' dir='ltr'>sonorum</span> <span class='ocrx_word' id='word_1_278' title='bbox 2428 3184 2619 3238; x_wconf 91' lang='lat' dir='ltr'>ipsorum</span> 
     </span>
     <span class='ocr_line' id='line_1_44' title="bbox 253 3248 2617 3305; baseline 0.001 -16"><span class='ocrx_word' id='word_1_279' title='bbox 253 3259 507 3290; x_wconf 87' lang='lat' dir='ltr'><strong>concentum</strong></span> <span class='ocrx_word' id='word_1_280' title='bbox 537 3249 681 3291; x_wconf 86' lang='lat' dir='ltr'>audire</span> <span class='ocrx_word' id='word_1_281' title='bbox 709 3248 942 3292; x_wconf 89' lang='lat' dir='ltr'>videantur.</span> <span class='ocrx_word' id='word_1_282' title='bbox 1000 3250 1117 3292; x_wconf 90' lang='lat' dir='ltr'>Nihil</span> <span class='ocrx_word' id='word_1_283' title='bbox 1146 3250 1220 3305; x_wconf 89' lang='lat' dir='ltr'>qui</span> <span class='ocrx_word' id='word_1_284' title='bbox 1250 3250 1437 3303; x_wconf 88' lang='lat' dir='ltr'>audiunt,</span> <span class='ocrx_word' id='word_1_285' title='bbox 1467 3251 1527 3292; x_wconf 89' lang='lat' dir='ltr'>eis</span> <span class='ocrx_word' id='word_1_286' title='bbox 1556 3264 1664 3305; x_wconf 93' lang='lat' dir='ltr'>quae</span> <span class='ocrx_word' id='word_1_287' title='bbox 1699 3249 1907 3291; x_wconf 88' lang='lat' dir='ltr'>audiveris</span> <span class='ocrx_word' id='word_1_288' title='bbox 1949 3249 2160 3290; x_wconf 90' lang='lat' dir='ltr'>inculcare</span> <span class='ocrx_word' id='word_1_289' title='bbox 2203 3249 2353 3291; x_wconf 91' lang='lat' dir='ltr'>frustra</span> <span class='ocrx_word' id='word_1_290' title='bbox 2395 3251 2617 3292; x_wconf 85' lang='lat' dir='ltr'>conabere.</span> 
     </span>
     <span class='ocr_line' id='line_1_45' title="bbox 248 3312 2618 3371; baseline 0.002 -16"><span class='ocrx_word' id='word_1_291' title='bbox 248 3312 395 3356; x_wconf 84' lang='lat' dir='ltr'><strong>Oculis</strong></span> <span class='ocrx_word' id='word_1_292' title='bbox 424 3315 588 3357; x_wconf 88' lang='lat' dir='ltr'><strong>facilius</strong></span> <span class='ocrx_word' id='word_1_293' title='bbox 617 3315 904 3370; x_wconf 88' lang='lat' dir='ltr'>persuadetur.</span> <span class='ocrx_word' id='word_1_294' title='bbox 960 3316 1166 3358; x_wconf 91' lang='lat' dir='ltr'>Videmus</span> <span class='ocrx_word' id='word_1_295' title='bbox 1195 3317 1322 3370; x_wconf 83' lang='lat' dir='ltr'>igitur</span> <span class='ocrx_word' id='word_1_296' title='bbox 1350 3317 1543 3371; x_wconf 89' lang='lat' dir='ltr'>bigarum</span> <span class='ocrx_word' id='word_1_297' title='bbox 1586 3326 1746 3371; x_wconf 91' lang='lat' dir='ltr'>partem</span> <span class='ocrx_word' id='word_1_298' title='bbox 1782 3316 1966 3370; x_wconf 90' lang='lat' dir='ltr'>priorem</span> <span class='ocrx_word' id='word_1_299' title='bbox 2007 3315 2157 3357; x_wconf 89' lang='lat' dir='ltr'>iterum</span> <span class='ocrx_word' id='word_1_300' title='bbox 2189 3329 2211 3357; x_wconf 92' lang='lat' dir='ltr'>e</span> <span class='ocrx_word' id='word_1_301' title='bbox 2241 3316 2396 3370; x_wconf 88' lang='lat' dir='ltr'>biiugis</span> <span class='ocrx_word' id='word_1_302' title='bbox 2426 3328 2618 3359; x_wconf 87' lang='lat' dir='ltr'>constare</span> 
     </span>
     <span class='ocr_line' id='line_1_46' title="bbox 248 3380 2619 3437; baseline 0.001 -15"><span class='ocrx_word' id='word_1_303' title='bbox 248 3380 434 3434; x_wconf 90' lang='lat' dir='ltr'>periodis</span> <span class='ocrx_word' id='word_1_304' title='bbox 469 3381 724 3437; x_wconf 87' lang='lat' dir='ltr'>transposito</span> <span class='ocrx_word' id='word_1_305' title='bbox 759 3381 948 3423; x_wconf 88' lang='lat' dir='ltr'>trimetro</span> <span class='ocrx_word' id='word_1_306' title='bbox 982 3381 1166 3424; x_wconf 85' lang='lat' dir='ltr'>iambico</span> <span class='ocrx_word' id='word_1_307' title='bbox 1200 3383 1350 3424; x_wconf 82' lang='lat' dir='ltr'>leviter·</span> <span class='ocrx_word' id='word_1_308' title='bbox 1379 3382 1565 3434; x_wconf 79' lang='lat' dir='ltr'>variatis3</span> <span class='ocrx_word' id='word_1_309' title='bbox 1603 3383 1775 3423; x_wconf 88' lang='lat' dir='ltr'>alteram</span> <span class='ocrx_word' id='word_1_310' title='bbox 1821 3381 1899 3422; x_wconf 90' lang='lat' dir='ltr'>hac</span> <span class='ocrx_word' id='word_1_311' title='bbox 1943 3381 2116 3436; x_wconf 91' lang='lat' dir='ltr'>quidem</span> <span class='ocrx_word' id='word_1_312' title='bbox 2160 3381 2383 3437; x_wconf 85' lang='lat' dir='ltr'>partitione</span> <span class='ocrx_word' id='word_1_313' title='bbox 2425 3382 2619 3425; x_wconf 88' lang='lat' dir='ltr'>consulto</span> 
     </span>
     <span class='ocr_line' id='line_1_47' title="bbox 257 3444 2620 3503; baseline 0.001 -16"><span class='ocrx_word' id='word_1_314' title='bbox 257 3444 396 3488; x_wconf 88' lang='lat' dir='ltr'>deleta</span> <span class='ocrx_word' id='word_1_315' title='bbox 424 3446 657 3488; x_wconf 81' lang='lat' dir='ltr'>didochm&#39;ii</span> <span class='ocrx_word' id='word_1_316' title='bbox 686 3447 729 3488; x_wconf 90' lang='lat' dir='ltr'>in</span> <span class='ocrx_word' id='word_1_317' title='bbox 758 3448 901 3490; x_wconf 90' lang='lat' dir='ltr'>locum</span> <span class='ocrx_word' id='word_1_318' title='bbox 929 3448 1060 3490; x_wconf 91' lang='lat' dir='ltr'>semel</span> <span class='ocrx_word' id='word_1_319' title='bbox 1089 3448 1303 3490; x_wconf 88' lang='lat' dir='ltr'>suffecisse</span> <span class='ocrx_word' id='word_1_320' title='bbox 1332 3449 1449 3503; x_wconf 86' lang='lat' dir='ltr'>quasi</span> <span class='ocrx_word' id='word_1_321' title='bbox 1480 3448 1712 3489; x_wconf 82' lang='lat' dir='ltr'>trimetrum</span> <span class='ocrx_word' id='word_1_322' title='bbox 1741 3447 1983 3501; x_wconf 85' lang='lat' dir='ltr'>iambicum,</span> <span class='ocrx_word' id='word_1_323' title='bbox 2026 3461 2133 3502; x_wconf 89' lang='lat' dir='ltr'>quae</span> <span class='ocrx_word' id='word_1_324' title='bbox 2161 3458 2308 3503; x_wconf 90' lang='lat' dir='ltr'>pentas</span> <span class='ocrx_word' id='word_1_325' title='bbox 2336 3448 2501 3490; x_wconf 84' lang='lat' dir='ltr'>videtur</span> <span class='ocrx_word' id='word_1_326' title='bbox 2530 3462 2620 3490; x_wconf 85' lang='lat' dir='ltr'>esse</span> 
     </span>
    </p>
   </div>
  </div>
 </body>
</html>
