2968 3873
1462 213 1518 256 10

297 348 466 398 φιλτάτᾳ
488 342 650 397 βάλοιμ’
679 346 723 386 ἐν
746 348 906 397 χρόνῳ),
931 342 1051 383 tertia
1078 341 1121 382 in
1153 342 1252 383 sede
1282 342 1446 384 duabus
1480 342 1669 383 thesibus
1712 341 1858 384 solutis
1887 347 2059 396 (φυγάδα
2082 347 2251 395 μέλεον),
2297 355 2433 397 quem·
2467 343 2677 386 antecedit

298 408 568 449 didochmius
597 407 745 449 solutis
772 407 964 448 thesibus
993 420 1128 462 paene
1158 408 1371 459 omnibus,
1407 408 1595 463 sequitur
1622 408 1810 450 trimeter
1845 407 2051 449 iambicus
2080 407 2236 449 arsium
2279 408 2443 450 levitate
2486 407 2675 464 insignis.

516 474 671 514 Denuo
699 471 910 526 virginem
950 473 1003 513 ad
1046 473 1313 528 propositum
1358 485 1526 515 revocat
1569 474 1851 529 paedagogus.
1915 474 1967 514 Et
2008 473 2147 518 statim
2188 473 2232 514 in
2276 473 2497 529 Amphirai
2541 474 2676 516 admi-

301 540 510 581 rationem
559 540 731 594 abrepta
780 539 1012 594 Lunaeque
1061 539 1177 580 sidus
1225 552 1329 581 auro
1373 540 1584 593 renidens,
1632 550 1677 581 ut
1725 549 1848 581 antea
1894 539 2075 580 Dianam
2123 538 2355 592 dominam,
2397 549 2544 581 testata
2598 540 2676 582 viri

298 605 550 647 sanctissimi
580 605 896 660 contemplandi
926 605 1084 659 gaudio
1114 606 1302 657 exsultat,
1337 605 1402 646 bis
1446 606 1659 660 quaternis
1704 605 1927 656 dochmiis,
1957 618 2140 660 quorum
2186 605 2358 646 ultimus
2404 605 2509 646 vatis
2551 618 2676 648 curru

298 685 376 714 suo
405 671 763 727 praetervehentis
798 671 1141 726 tranquillitatem
1171 681 1210 712 et
1238 671 1510 727 splendorem
1553 672 1673 726 quasi
1717 672 2001 727 repercutiens
2043 672 2085 712 in
2128 681 2211 712 tres
2254 671 2434 726 syllabas
2477 671 2676 726 longas⁸)

299 738 578 780 contrahitur:
608 737 662 788 ὥς
688 739 878 793 ἀτρεμαῖα
901 744 1059 793 κέν-τρα
1082 747 1148 781 καὶ
1174 744 1364 793 σώφρονα
1388 744 1403 791 l
1427 745 1574 788 πώλοις
1596 745 1830 793 μεταφέρων
1856 744 2023 781 ἰθύνει.

519 805 606 844 Iam
634 804 800 844 videtur
842 804 935 857 ipsa
963 804 1206 844 meminisse
1236 804 1375 844 solum
1405 817 1428 843 e
1458 804 1629 858 Septem
1659 804 1838 844 ducibus
1868 805 2078 858 reliquum
2109 817 2199 844 esse
2235 804 2498 859 Capaneum,
2540 804 2676 846 virum

297 869 519 920 nefarium,
550 868 873 922 Parthenopaeo
894 869 1020 910 etiam
1039 869 1310 909 atrociorem:
1346 869 1404 913 ἰώ,
1424 873 1436 912 ,s
1453 867 1688 916 Νέμεσι’καὶ
1712 869 1807 914 Διὸς
1829 871 2074 918 βαρύβρομοι
2096 870 2270 918 βρονταί,
2295 869 2503 917 κεραύνιον
2526 882 2569 907 τε
2594 860 2680 916 φῶς

298 934 498 979 αἰθαλόεν,
526 935 572 972 σύ
597 948 659 971 τοι
684 934 699 982 l
723 935 1016 982 μεγαλαγορίαν
1041 928 1263 982 ὑπεράνορα
1279 935 1488 982 κοι-μίζεις.
1539 934 1659 975 Duos
1702 933 1971 976 didochmios
2000 934 2188 989 sequitur
2229 934 2468 976 membrum
2511 944 2677 988 quater-

298 1002 464 1042 narium
513 1001 720 1043 scandens
769 1014 865 1041 cum
913 1000 1096 1041 iambico
1140 1000 1257 1054 quod
1299 1001 1464 1042 videtur
1506 1012 1641 1042 metro
1688 1000 1753 1042 bis
1797 1010 2032 1052 contracto;
2080 1000 2235 1056 quibus
2278 1010 2528 1042 revocantur
2570 1013 2678 1055 quo-

298 1067 531 1109 dammodo
560 1081 669 1121 quae
701 1076 818 1109 erant
846 1066 898 1108 de
928 1066 1081 1121 Tydeo
1126 1067 1260 1108 fratris
1299 1066 1415 1108 affini
1457 1067 1764 1109 semibarbaro:
1820 1061 1934 1111 οὗτος
1972 1060 1994 1105 ὃ
2031 1066 2101 1112 τᾶς
2124 1067 2380 1112 Πολυνείκεος
2421 1063 2452 1104 ὦ
2478 1066 2595 1116 γέρον

299 1134 462 1182 νύμφας.
520 1134 651 1185 Tum,
698 1133 849 1175 lacuna
896 1133 948 1174 ab
996 1135 1191 1187 Augusto
1239 1133 1438 1175 Matthiae
1486 1146 1576 1174 non
1621 1133 1711 1175 sine
1758 1132 2053 1188 probabilitate
2089 1133 2265 1188 expleta,
2307 1133 2494 1174 numeris
2534 1133 2678 1188 paullo

298 1200 576 1242 citatioribus:
616 1194 675 1238 ὅδ’
706 1199 821 1244 ἐστίν,
861 1199 1147 1246 αἰχμαλωτίδας
1170 1199 1186 1247 l
1213 1193 1255 1244 ὃς
1280 1202 1366 1248 δορὶ
1393 1200 1566 1249 Θηβαίας
1590 1200 1838 1248 Μυκῆναισιν
1871 1195 2093 1247 <εὔ·χεται>
2128 1200 2301 1249 Λερναίᾳ
2328 1211 2370 1237 τε
2397 1199 2537 1237 δώσειν
2561 1200 2679 1248 τριαί-

298 1280 358 1316 νᾳ,
385 1266 635 1309 Ποσιδανίοις
661 1259 1077 1312 Ἀμυμωνίοις-ὕδασι,
1106 1267 1286 1302 δουλείαν
1311 1285 1325 1293 ·
1349 1266 1590 1314 περιβαλών;
1624 1286 1665 1292 -
1704 1278 1901 1305 resonare
1938 1265 2057 1318 quasi
2094 1265 2248 1305 dixeris
2276 1265 2464 1306 scelerati
2492 1265 2679 1307 hominis

299 1334 426 1374 verba
454 1332 564 1387 ipsa;
608 1332 747 1386 primo
791 1342 929 1372 autem
965 1345 1088 1372 versu
1132 1332 1321 1373 revocari
1350 1331 1513 1373 videtur
1548 1331 1787 1373 membrum
1823 1329 2136 1385 quaternarium
2177 1330 2502 1380 καταβόστρυχος,
2536 1327 2681 1380 ὄμμασι

298 1399 453 1448 γοργὸς,
481 1398 555 1437 εἰσ·
595 1399 733 1452 (146),
777 1398 877 1439 item
922 1398 1091 1439 devotio
1134 1398 1204 1439 illa
1246 1398 1290 1440 in
1328 1398 1695 1453 Parthenopaeum
1727 1397 1879 1450 effusa,
1922 1393 2021 1434 ἄλλά
2047 1411 2108 1435 νιν
2135 1391 2160 1435 ἂ
2183 1395 2269 1436 κατ’
2300 1393 2371 1447 ὄρη
2396 1396 2491 1445 μετὰ
2515 1397 2682 1447 ματέρος

288 1462 498 1513 Ἄρτεμις
620 1464 759 1516 (151),
802 1473 938 1504 metro
980 1473 1103 1504 tenus
1146 1465 1276 1518 repeti
1320 1465 1476 1504 ultimis
1512 1464 1753 1518 Antigonae
1795 1463 1947 1515 verbis,
1984 1464 2134 1511 μήποτε
2157 1464 2306 1511 μήποτε
2331 1460 2441 1500 τάνδ’
2471 1461 2503 1500 ὦ
2527 1464 2680 1508 πότνια,

296 1532 659 1579 χρυσεοβόστρυχον
686 1527 718 1567 ὦ
743 1530 838 1573 Διὸς
863 1526 984 1578 ἔρνος,
1015 1527 1195 1578 Ἄρτεμι
1221 1558 1308 1574 ...,
1351 1543 1430 1571 nec
1464 1540 1622 1571 temere
1658 1540 1838 1585 utroque
1880 1530 1975 1571 loco
2011 1529 2261 1571 nominatim
2293 1525 2465 1578 Ἄρτεμις
2491 1529 2680 1574 invocari

299 1598 377 1637 dea
406 1598 539 1649 virgo,
569 1597 781 1649 virginum
811 1596 1091 1649 ingenuarum
1121 1607 1309 1650 patrona.

517 1806 752 1848 Subsistere
782 1806 863 1847 hoc
894 1807 990 1848 loco
1020 1819 1205 1861 possem,
1234 1807 1268 1848 si
1298 1807 1404 1847 nihil
1434 1808 1613 1862 amplius
1643 1820 1810 1861 agerem
1842 1819 1969 1861 quam
1998 1817 2043 1847 ut
2063 1807 2214 1847 cantici
2234 1807 2457 1862 particulas
2478 1817 2683 1858 accurate,

297 1872 440 1927 quoad
471 1872 562 1912 eius
592 1872 683 1912 fieri
712 1872 850 1926 primo
879 1873 1041 1926 impetu
1071 1885 1255 1926 possem,
1286 1874 1484 1912 dissectas
1514 1886 1789 1912 recenserem.
1836 1873 1919 1913 Sed
1948 1873 2070 1925 gestit
2099 1873 2264 1912 animus
2292 1873 2464 1913 tendere
2493 1873 2537 1913 in
2566 1886 2681 1913 mare

296 1938 490 1992 ignotum
548 1938 784 1992 gurgitibus
840 1938 1043 1991 vadisque
1092 1939 1284 1978 obscuris
1332 1938 1671 1988 formidulosum,
1729 1938 1879 1978 frustra
1936 1937 2120 1978 monitus
2169 1938 2220 1978 ab
2269 1937 2416 1979 amicis
2464 1952 2513 1979 ex
2560 1937 2682 1979 litore

298 2003 675 2057 prospectantibus,
698 2004 891 2057 viresque
923 2004 1117 2058 profusas
1147 2004 1486 2044 lamentantibus.
1544 2004 1878 2057 Ambiguitatem
1915 2003 2027 2044 enim
2076 2004 2367 2045 membrorum
2416 2004 2683 2058 quorundam

301 2079 547 2110 excusantes
584 2069 821 2110 describere
851 2079 983 2110 metra
1013 2082 1141 2123 quam
1177 2070 1439 2124 interpretari
1469 2069 1554 2110 fere
1585 2070 1765 2119 malunt;
1802 2079 1911 2110 recte
1955 2069 2015 2110 illi
2059 2069 2245 2122 quidem,
2289 2069 2523 2110 dummodo
2567 2070 2683 2124 quod

298 2136 459 2176 ratione
518 2146 556 2176 et
612 2136 681 2176 via
727 2136 859 2191 possit
907 2136 996 2176 erui
1045 2146 1240 2190 oportere
1289 2146 1328 2176 et
1373 2136 1520 2176 timide
1569 2136 1725 2176 viribus
1774 2149 1944 2191 parcere
1989 2149 2115 2189 quam
2163 2145 2319 2176 temere
2367 2136 2481 2177 abuti
2523 2135 2682 2177 viribus

297 2216 385 2242 non
442 2203 584 2242 minus
641 2214 762 2256 turpe
821 2217 908 2243 esse
967 2203 1214 2243 concedant.
1299 2203 1408 2243 Nam
1472 2202 1592 2243 altius
1650 2203 1793 2256 paullo
1850 2202 2130 2243 scrutantibus
2188 2202 2503 2256 ambiguitatem
2560 2203 2682 2244 istam

297 2268 432 2309 multo
494 2269 705 2310 minorem
779 2283 904 2323 quam
977 2280 1194 2310 autumant
1265 2283 1354 2310 esse
1429 2268 1659 2323 apparebit,
1731 2268 1810 2310 nisi
1882 2267 1987 2310 forte
2058 2267 2101 2309 in
2164 2268 2490 2324 musicophobia
2545 2268 2682 2321 nobis,

298 2335 688 2389 eurhythmico'rum
756 2335 1024 2389 quorundam
1082 2335 1391 2376 musicomania
1452 2335 1567 2376 haud
1623 2335 1679 2376 ita
1742 2335 1875 2376 multo
1933 2335 2118 2386 saniore,
2174 2335 2446 2390 perstandum
2503 2346 2582 2387 est,
2639 2346 2684 2376 ut

297 2401 500 2455 acephala
583 2411 719 2442 metra
774 2402 1068 2455 monosyllaba
1125 2402 1251 2443 fuisse
1309 2401 1530 2456 poetisque
1588 2414 1685 2442 cum
1742 2401 1894 2442 modos
1951 2401 2134 2442 facerent
2191 2401 2367 2442 dimetra
2423 2412 2682 2444 commutare

298 2480 395 2507 cum
424 2466 620 2508 trimetris
649 2467 818 2508 licuisse
848 2468 1082 2518 credamus,
1127 2480 1233 2521 quae
1277 2468 1416 2508 modis
1451 2467 1624 2507 musicis
1659 2480 1796 2522 nuper
1830 2467 1872 2507 in
1909 2468 2048 2507 lucem
2084 2467 2256 2521 prolatis
2286 2467 2414 2507 fretus
2444 2467 2682 2508 felicissime

299 2533 511 2586 redarguit
558 2533 770 2574 Henricus
821 2533 1009 2585 Weil**)
1043 2533 1314 2574 metricorum
1370 2533 1496 2574 huius
1554 2533 1696 2574 aetatis
1755 2532 1948 2574 omnium
2005 2532 2125 2573 facile
2182 2532 2391 2587 princeps.
2476 2533 2528 2573 Et
2576 2534 2684 2574 bene

301 2599 464 2650 accidit,
522 2599 639 2653 quod
687 2599 731 2640 in
780 2599 913 2654 longo
961 2599 1044 2640 hoc
1088 2599 1302 2654 Euripidis
1347 2599 1510 2640 cantico
1555 2599 1670 2640 nulla
1720 2599 1805 2639 fere
1854 2598 2073 2639 *invenitur
2128 2612 2351 2639 mensurae
2415 2599 2683 2654 ambiguitas:

300 2665 454 2710 Λατοῦς
472 2659 615 2702 Ἑκάτα
632 2666 646 2711 ι’
663 2665 913 2714 κατάχαλκον
941 2659 1045 2702 ἅπαν
1075 2666 1245 2718 (108]9)
1282 2665 1504 2706 dochmios
1549 2678 1638 2706 esse
1683 2665 1819 2705 forma
1861 2665 2139 2719 anapaestica,
2176 2664 2503 2713 καταβόστρυχος,
2541 2662 2685 2712 ὄμμασι

298 2732 488 2779 γοργὸς,
515 2731 606 2768 εἰσ·
633 2732 756 2784 (146)
787 2741 856 2771 aut
887 2728 1110 2779 ἀνεμώκεος
1135 2730 1218 2768 εἴθε
1246 2732 1393 2779 δρόμον
1419 2731 1748 2778 νεφέλαςίποσὶν
1775 2730 2003 2777 ἐξανύσαιμι
2030 2727 2086 2768 δι’
2130 2730 2324 2779 αἰθέρος
2361 2731 2557 2784 (163]64)
2605 2743 2684 2770 nec

298 2797 522 2837 dochmios
553 2810 642 2837 esse
673 2798 964 2852 anapaesticos
993 2811 1134 2851 neque
1165 2807 1413 2851 anapaestos
1443 2797 1655 2850 legitimos
1684 2810 1759 2850 per
1788 2810 1832 2837 se
1863 2807 1986 2851 patet,
2016 2796 2333 2837 terminationes
2362 2796 2458 2837 illae
2484 2809 2684 2837 versuum

297 2864 361 2902 bis
392 2874 644 2915 contractae,
675 2865 828 2910 νύμφας
852 2866 988 2916 (136),
1029 2865 1231 2911 κοι-μίζεις
1273 2864 1413 2915 (186),
1462 2874 1576 2903 extr-a
1623 2876 1797 2903 omnem
1845 2861 2153 2903 dubitationem
2200 2861 2361 2916 positae
2418 2872 2528 2912 sunt,
2584 2862 2685 2904 item

298 2929 486 2970 clausula
527 2930 730 2984 dactylica
773 2926 967 2977 δαμάσασ’
1011 2926 1201 2968 ὄλέ-σειεν
1241 2930 1386 2982 (152);
1420 2943 1566 2983 preces
1612 2928 1797 2982 denique
1842 2941 1939 2969 curn
1974 2927 2134 2982 ingenti
2168 2928 2209 2970 vi
2246 2928 2436 2981 emissae,
2480 2925 2580 2967 ἀλλὰ
2625 2942 2685 2966 νιν

298 2989 323 3032 ἂ
346 2991 435 3033 κατ’
466 2991 537 3044 ὄρη
590 2996 685 3047 (151
717 2997 780 3049 ss)
812 3007 850 3037 et
877 2997 1027 3046 μήποτε
1064 2996 1215 3045 μὴποτε
1252 2992 1363 3033 τάνδ’
1401 2992 1432 3032 ὦ
1461 2996 1605 3032 πότνια
1646 2996 1749 3048 (190
1769 2995 1846 3047 ss),
1882 3005 2022 3035 utrum
2052 3008 2074 3035 e
2110 2995 2313 3036 membris
2346 3008 2453 3049 442
2490 3008 2543 3036 an
2576 2995 2642 3045 43
2662 2995 2682 3035 3

297 3062 479 3103 thesium
509 3062 809 3117 primariarum
840 3073 1031 3104 constare
1062 3063 1190 3109 dicas,
1228 3062 1281 3103 ad
1316 3075 1559 3103 mensuram
1604 3071 1714 3102 certe
1757 3074 1958 3102 versuum
2002 3060 2238 3116 canticique
2281 3071 2531 3103 structuram
2574 3069 2684 3102 recte

296 3127 604 3168 aestimandam
636 3141 725 3168 non
755 3128 936 3168 multum
966 3129 1149 3169 interest.

513 3254 548 3301 *)
576 3261 620 3291 ut
644 3254 876 3300 τοξεύσας
904 3255 999 3293 Eur.
1027 3255 1144 3291 Herc.
1178 3254 1280 3301 1064,
1307 3256 1410 3290 Berl.
1432 3256 1564 3299 philol.
1592 3256 1648 3290 W.
1681 3255 1780 3302 1905,
1805 3253 1887 3301 787.

513 3327 571 3374 **)
612 3330 674 3363 La
702 3330 1003 3372 multiplicite‘
1027 3330 1107 3363 des
1145 3334 1273 3363 notes
1304 3329 1502 3373 n'aj0ute
1535 3329 1630 3362 rien
1664 3328 1687 3362 ἁ
1721 3330 1764 3362 la
1796 3329 1936 3363 dur-de
1968 3330 2022 3363 de
2053 3330 2096 3363 la
2129 3330 2312 3373 syllabe
2345 3333 2389 3363 et
2417 3338 2470 3362 ne
2501 3325 2686 3371 modisie

288 3390 454 3432 jamais
481 3391 522 3423 le
548 3391 687 3423 metr-e
713 3380 872 3436 (E'tudes
898 3391 947 3423 de
971 3390 1039 3424 litt.
1067 3394 1105 3423 et
1127 3390 1175 3424 de
1201 3390 1358 3433 rhythm.
1384 3399 1458 3433 gn,
1484 3388 1595 3422 Paris
1614 3399 1724 3435 1902,
1750 3386 1829 3433 56.)
1881 3387 1938 3424 De
1966 3385 2160 3424 dochmiis
2188 3385 2412 3434 decurtatis,
2438 3396 2541 3434 quos
2567 3383 2671 3422 idem

295 3445 459 3494 (ibidem
483 3446 564 3494 160)
590 3445 630 3483 in
657 3458 809 3495 papyro
827 3445 1130 3484 vindobonensi
1158 3446 1455 3495 deprehendere
1482 3444 1556 3483 sibi
1583 3444 1686 3483 visus
1714 3454 1784 3492 est,
1810 3447 2001 3494 μανιάδος
2021 3464 2064 3477 --
2083 3446 2330 3492 κατέκλυσεν,
2356 3446 2431 3494 φεῦ
2454 3445 2621 3493 μόχθων
2639 3460 2686 3474 =

298 3502 351 3551 ὥς
374 3508 533 3551 πὸντου,
562 3507 654 3543 Eur.
682 3506 749 3544 Or.
778 3507 846 3543 326
873 3524 920 3537 -τ
948 3506 1028 3554 343,
1055 3506 1134 3543 dixi
1163 3506 1301 3543 Philol.
1328 3507 1388 3553 63,
1424 3517 1524 3553 ¹904,
1554 3505 1633 3552 334.
1673 3506 1751 3543 Sed
1778 3518 1839 3543 res
1866 3517 1948 3542 non
1975 3505 2106 3543 minus
2132 3507 2300 3543 obscura
2327 3517 2447 3554 quam
2473 3516 2571 3541 rara.
