2968 3873
1491 178 1519 220 6

533 304 760 360 Euripides
788 305 915 360 igitur
946 307 988 348 in
1010 306 1254 349 Phoenissis
1285 317 1380 362 post
1401 308 1586 349 locastae
1614 308 1842 364 prologum
1871 308 2167 365 paedagogum
2195 321 2342 352 senem
2362 321 2460 351 cum
2480 308 2696 364 Antigona

316 371 633 425 colloquentem
668 372 833 413 inducit
861 373 1135 414 Homericam
1167 373 1368 414 nimirum
1400 374 1709 429 tichoscopiam
1737 375 1920 416 imitans.
1977 378 2033 416 At
2060 376 2157 417 vide
2187 388 2316 431 quam
2345 375 2572 417 dramatice
2601 387 2696 416 om-

317 438 388 479 nia
416 438 662 492 procedant.
721 438 858 481 Senex
894 439 936 480 in
967 439 1137 481 aedium
1172 450 1293 491 tecta,
1329 440 1443 482 unde
1480 443 1719 495 Argeorum
1756 441 1961 484 exercitus
1997 442 2182 499 prospici
2223 452 2379 498 posset,
2412 454 2695 498 praegressus,

315 516 359 546 ut
390 506 536 559 ecquis
567 505 730 546 adesset
760 507 812 547 de
840 507 1049 547 maledica
1077 507 1201 561 plebe
1234 507 1533 562 specularetur,
1563 507 1739 548 simulac
1770 522 1924 563 purum
1953 509 2097 551 locum
2127 523 2216 551 esse
2247 509 2459 563 cognovit,
2488 507 2695 563 virginem

316 574 427 615 scala
448 573 618 615 cedrina
641 571 694 614 ad
715 586 758 614 se
781 572 1007 614 escendere
1038 573 1165 614 iubet.
1210 574 1278 614 Ad
1300 586 1409 628 quae
1431 573 1616 627 puellula
1632 573 1849 616 delicatius
1868 574 2033 629 paullo:
2063 571 2176 624 ὄρεγε
2201 575 2273 614 νῦν
2298 572 2412 624 ὄρεγε
2436 573 2599 624 γεραιὰν
2624 573 2694 625 νέᾳ
2758 568 2761 572 ’

314 646 437 689 χεῖρα,
464 641 539 681 ubi
559 637 673 688 ὄρεγέ
703 653 773 676 νυν
790 639 988 692 equidem
1005 639 1273 694 praeferrem,
1294 640 1328 680 si
1349 640 1400 680 de
1418 639 1619 681 dochmio
1635 640 1839 694 acephalo
1860 642 1923 693 (γ
1954 660 2003 681 w
2026 658 2075 681 ω
2094 663 2121 682 υ
2142 644 2216 695 ψ)
2239 651 2458 692 constaret,
2484 640 2563 682 nisi
2590 640 2695 682 forte

315 706 532 748 terminari
562 705 765 747 dochmio
800 718 970 746 versum
1000 715 1121 759 putas
1152 706 1201 759 (υ
1222 725 1268 745 υ,-
1294 725 1342 746 ψ
1361 707 1478 760 οι).
1537 705 1619 747 Sed
1656 716 1805 761 poetae
1842 706 1988 759 Attici,
2024 707 2260 749 dummodo
2295 717 2429 750 metro
2465 706 2695 759 satisfieret,

316 774 558 828 promiscue
574 773 773 813 videntur
788 784 1012 826 usurpasse
1031 772 1101 809 νὺν
1122 783 1160 812 et
1182 772 1261 809 νῦν.
1291 773 1429 827 Pergit
1446 773 1680 826 Antigona:
1694 768 1787 821 χεῖρ’
1818 768 1896 811 ἀπὸ
1920 774 2120 821 κλιμάκων
2147 773 2289 821 [ποδὸς]
2319 772 2424 822 ἴχνος
2441 772 2693 816 ἐπαντέλλων,

316 850 359 878 ut
390 853 412 878 e
444 839 587 878 Bothii
618 839 862 878 coniectura
893 838 1032 877 deleto
1060 838 1182 880 ποδὸς
1210 839 1440 891 legendum
1477 852 1566 877 esse
1596 839 1686 892 ipse
1725 852 1898 892 quoque
1929 839 2126 890 arbitron
2169 853 2259 879 non
2301 853 2388 894 quo
2430 839 2552 883 ποδὸς
2589 837 2697 887 ἴχνος

318 920 395 959 per
415 919 458 945 se
480 917 587 946 stare
607 919 695 946 non
716 904 861 958 possit,
891 904 964 944 sed
986 904 1171 957 primum
1193 905 1351 944 codicis
1372 905 1576 944 Marciani
1595 905 1736 958 glossa
1765 901 1887 952 ἤγουν
1912 905 1982 942 τὸν
2006 905 2111 942 πόδα
2140 907 2192 946 ad
2222 904 2372 953 ἴχνος*)
2397 906 2539 960 potius
2568 919 2695 959 quam

320 971 372 1012 ad
400 971 524 1015 ποδὸς
550 969 657 1019 ἴχνος
684 970 849 1012 videtur
868 972 1092 1024 pertinere,
1122 969 1274 1010 deinde
1296 970 1502 1023 exquisita
1522 971 1729 1024 elegantia
1749 981 1917 1024 poetam
1937 971 2193 1013 vocabulum
2221 972 2326 1010 πόδα
2352 972 2500 1013 vitasse
2530 971 2696 1025 opinor,

317 1051 370 1078 ne
416 1036 700 1092 putidiuscule
746 1033 858 1085 ὄρεγε
883 1041 995 1084 χεῖρα
1021 1057 1063 1062 -—
1091 1036 1195 1073 πόδα
1221 1034 1468 1074 ἐπαντέλλων
1497 1035 1660 1091 opponi
1704 1035 1957 1087 viderentur,
2000 1048 2092 1078 tum
2135 1037 2316 1079 dimetro
2359 1037 2542 1079 iambico
2584 1037 2697 1079 velut

314 1099 408 1152 χεῖρ’
440 1099 517 1142 ἀπὸ
542 1102 758 1152 κλι-μὰκων
782 1101 905 1147 ποδός
934 1101 1072 1143 claudi
1102 1115 1230 1155 quam
1260 1101 1509 1157 interrumpi
1540 1101 1765 1144 dochmios
1796 1102 1997 1155 usitatius,
2028 1102 2211 1158 denique
2247 1114 2445 1158 quattuor
2487 1102 2696 1145 dochmiis

317 1166 431 1219 ὄρεγέ
458 1184 528 1208 νυν
554 1174 621 1208 κτλ
659 1183 758 1212 mox
796 1169 947 1210 alteros
977 1178 1175 1222 quattuor
1205 1168 1428 1210 dochmios
1458 1169 1715 1223 respondere
1744 1169 2003 1221 videbimus;
2047 1169 2203 1224 quibus
2232 1169 2450 1224 Antigona
2484 1180 2580 1225 post
2613 1180 2696 1212 tres

318 1237 529 1278 trimetros
559 1251 583 1278 a
612 1237 861 1291 paedagogo
891 1234 1131 1276 interiectos
1161 1235 1366 1276 Hecatam
1396 1235 1585 1276 Latonae
1615 1235 1745 1276 filiam
1775 1246 1921 1277 testata
1951 1236 2090 1292 campi
2120 1236 2247 1277 armis
2277 1236 2418 1277 ae‘neis
2447 1236 2696 1290 fulgurantis

316 1304 359 1343 in
391 1304 716 1343 admirationem
747 1303 947 1356 erumpit:
979 1301 1025 1338 ἰὼ
1042 1301 1184 1339 πότνια
1199 1302 1298 1348 παῖ]
1311 1302 1467 1346 Λατοῦς
1476 1296 1618 1339 Ἑκάτα
1629 1302 1892 1350 [κατάχαλκον
1911 1296 2014 1339 ἅπαν
2030 1303 2046 1350 l
2061 1303 2197 1339 πεδίον
2216 1298 2436 1352 ἀστράπτει.
2465 1303 2585 1354 Quos
2606 1316 2695 1344 esse

317 1369 541 1410 dochmios
578 1370 715 1410 forma
745 1369 854 1410 binis
883 1369 1047 1410 vicibus
1078 1368 1345 1421 anapaestica
1373 1381 1461 1408 non
1492 1378 1553 1409 est
1583 1368 1700 1422 quod
1730 1369 1913 1422 amplius
1942 1381 2172 1422 exponam3
2201 1370 2275 1410 sed
2303 1352 2534 1412 Aaa‘ffivofic
2556 1365 2697 1407 Ἑκάτα

314 1424 588 1489 κατῶαλκον
615 1436 718 1478 ἅπαν
748 1435 1113 1489 pronuntiandum
1143 1447 1245 1484 esse,
1282 1444 1326 1474 ut
1356 1447 1399 1474 re
1428 1448 1527 1475 vera
1563 1434 1748 1475 dochmii
1785 1434 1975 1486 evadant,
2011 1445 2056 1475 ut
2090 1435 2196 1475 mihi
2225 1436 2593 1489 persuasissimum
2622 1445 2696 1488 est,

315 1502 372 1542 ita
406 1501 660 1555 persuadere
696 1501 834 1541 surdis
870 1500 1040 1541 auribus
1075 1499 1197 1550 nolo,
1242 1499 1477 1540 dummodo
1513 1500 1663 1553 plenos
1700 1513 1747 1540 ac
1781 1500 1990 1553 perfectos
2027 1500 2248 1541 dochmios
2292 1515 2384 1542 esse
2428 1501 2695 1542 concedatur.

319 1568 443 1610 ‘Sane
473 1580 560 1609 non
590 1566 794 1619 inermis',
831 1566 968 1621 inquit
1002 1566 1288 1621 paedagogus,
1324 1565 1563 1619 ‘Polynices
1600 1565 1653 1607 ad
1688 1566 1836 1607 urbem
1874 1566 2061 1618 accessit,
2097 1566 2212 1608 mille
2243 1567 2468 1621 equitibus,
2498 1567 2696 1609 sescentis

318 1633 491 1688 hoplitis
521 1632 724 1674 horrens‘.
778 1633 899 1683 ¹Tum
942 1632 1139 1686 praecoci
1182 1632 1368 1685 quadam
1411 1631 1635 1686 prudentia
1677 1632 1940 1686 puellarique
1983 1645 2140 1686 pavore
2178 1632 2394 1687 Antigona
2435 1632 2582 1674 mixta:
2622 1628 2699 1681 ἆρα

316 1701 436 1736 πύλαι
461 1700 648 1747 κλῇθροις
671 1698 889 1746 χαλκόδετά
905 1694 934 1735 τ’
958 1695 1105 1747 ἔμβολα
1118 1698 1134 1746 l
1147 1698 1359 1736 λαϊνέοισιν
1374 1694 1580 1745 Ἀμφίονος
1606 1694 1789 1746 ὀργάνοις
1813 1699 1959 1746 τείχεος
1983 1692 2191 1746 ἥρμοσται,·
2238 1698 2446 1740 dochmiis
2495 1699 2696 1752 quinque·

319 1764 472 1806 Sedata
513 1764 808 1819 intempestiva
841 1764 1053 1818 puellulae
1090 1777 1191 1805 cura
1219 1763 1386 1805 initium
1423 1763 1559 1804 facere
1596 1763 1785 1818 singulos
1822 1763 1951 1804 duces
1987 1763 2225 1805 sciscitandi
2261 1763 2532 1819 paedagogus
2567 1764 2694 1805 iubet.

316 1831 450 1885 Ergo:
491 1838 546 1881 τίς
571 1831 684 1880 οὗτος
718 1829 739 1873 ὅ
771 1837 1025 1884 λευκολόφας,
1055 1837 1211 1885 πρόπαρ
1238 1831 1280 1881 ὃς
1314 1830 1464 1884 ἁγεῖται
1497 1836 1663 1884 στρατοῦ
1688 1836 1915 1883 πάγχαλκον
1947 1832 2093 1873 ἆ·σπὶδ’
2131 1831 2230 1884 ἀμφὶ
2253 1836 2435 1885 βραχίονι
2465 1836 2697 1884 κου-φίζων,·

318 1897 417 1937 Non
449 1897 630 1937 absurde
661 1897 958 1951 respondetur:
988 1903 1166 1951 λοχαγός,
1194 1899 1225 1940 ὦ
1253 1902 1448 1946 δέσποινα,
1474 1896 1500 1937 i.
1524 1909 1559 1937 e.
1590 1909 1699 1936 unus
1729 1909 1751 1936 e
1782 1896 1903 1936 claris
1933 1896 2014 1936 illis
2046 1896 2214 1951 Septem
2252 1896 2512 1950 ducibus.**)
2562 1896 2697 1937 Cuius

319 1977 477 2004 nomen
521 1973 778 2017 gentemque
822 1963 896 2004 ubi
940 1963 1124 2018 primum
1173 1963 1374 2018 comperit
1416 1962 1775 2017 Hippomedontis
1819 1962 2052 2016 Mycenaei,
2094 1972 2139 2003 ut
2182 1963 2234 2003 de
2279 1976 2365 2017 quo
2408 1963 2516 2004 nihil
2560 1963 2697 2004 adhuc

317 2030 535 2080 audiverit,
566 2030 781 2083 Antigona
810 2040 896 2070 tota
923 2029 967 2069 in
990 2029 1266 2070 admiratione
1288 2040 1326 2070 et
1354 2030 1530 2070 horrore
1552 2028 1705 2069 defixa:
1736 2033 1754 2072 ἒ
1772 2032 1801 2077 ἔ.
1827 2028 1878 2079 ὡς
1896 2035 2049 2083 γαῦρος,
2069 2029 2318 2084 αῖς-φοβερὸς
2334 2035 2503 2079 εἰσιδεῖν,
2517 2037 2532 2082 s
2546 2037 2698 2083 γίγαντι

317 2101 506 2153 γηγενέτᾳ
530 2102 802 2151 προσόμοιος]
820 2098 1025 2149 ἂστρωπὸς
1050 2100 1092 2140 ἐν
1116 2107 1339 2150 γραφαῖσιν,
1367 2098 1453 2150 οὐχὶ
1477 2101 1704 2150 πρόσφορος
1720 2101 1735 2147 l
1750 2094 1894 2150 ἁμερίῳ
1928 2100 2054 2152 γέννᾳ.
2116 2095 2180 2136 De
2224 2096 2450 2137 verborum
2491 2095 2696 2151 interpre-

316 2163 475 2203 tatione
497 2162 742 2203 conferendi
775 2163 861 2202 duo
883 2175 932 2202 ex
953 2162 1208 2203 scholiastis:
1250 2164 1506 2216 ἁστεροειδεῖς
1542 2166 1587 2205 τὸ
1614 2167 1726 2214 σῶμα
1761 2169 1826 2204 καὶ
1857 2167 1927 2215 τὴν
1959 2166 2107 2216 ἐσθῆτα
2144 2167 2340 2216 γράφουσι
2376 2168 2467 2212 τούς
2506 2169 2700 2217 Γίγαντας

315 2235 413 2282 πρὸς
437 2236 483 2271 τὸ
509 2235 696 2283 φοβερόν,
727 2239 784 2268 et:
815 2235 880 2271 διὰ
902 2235 1023 2281 μέσου
1052 2235 1094 2271 δὲ
1119 2232 1375 2283 ἆστ(ε)ρωπός
1399 2232 1526 2281 ἔθηκε.
1582 2228 1668 2267 Alii
1699 2230 1945 2282 ἀστεροειδὴς
1961 2236 2026 2270 καὶ
2043 2235 2218 2278 ποικίλος
2233 2240 2318 2278 ταῖς
2344 2240 2513 2282 γραφαῖς
2536 2229 2699 2268 malunt

317 2301 386 2348 τῆς
412 2300 583 2344 ἀσπίδος,
625 2295 741 2348 quod
785 2295 938 2336 vellem
980 2294 1209 2335 addidisset
1251 2306 1395 2348 poeta;
1438 2308 1551 2334 nunc
1593 2300 1817 2347 πρέπουσαν
1856 2293 1909 2343 ὡς
1946 2299 1988 2337 ἐν
2014 2306 2183 2347 γραφαῖς
2206 2300 2469 2349 Κασσάνδραν
2507 2294 2697 2334 conferre

316 2361 474 2402 iuvabit
504 2361 680 2413 (Aesch.
701 2364 776 2415 Ag.
800 2362 914 2414 241),
945 2361 1192 2415 Euripidem
1223 2374 1323 2402 vero
1354 2360 1515 2402 facilius
1545 2360 1772 2401 credideris
1802 2360 2026 2401 audaciore
2056 2360 2199 2414 paullo
2227 2360 2535 2402 vocabulorum
2563 2360 2697 2402 collo—

318 2427 482 2467 catione
513 2427 573 2467 uti
602 2427 801 2478 voluisse,
837 2440 966 2481 quam
1009 2427 1234 2467 sententias
1271 2426 1474 2467 artissime
1505 2426 1780 2466 cohaerentes
1824 2425 2022 2480 religioso
2066 2426 2253 2480 quodam
2296 2426 2472 2467 horrore
2508 2426 2698 2482 perfusas

319 2494 625 2548 interrumpere
662 2494 959 2534 observatione
1003 2493 1102 2534 satis
1146 2494 1254 2544 exili,
1299 2507 1383 2547 qua
1425 2493 1627 2548 splendor
1669 2493 1738 2534 ille
1782 2492 2041 2533 incredibilis
2079 2506 2127 2533 ac
2157 2492 2324 2534 divinus
2355 2493 2407 2533 ad
2436 2503 2630 2534 naturam
2660 2503 2697 2534 et

317 2559 536 2601 veritatem
568 2560 830 2601 revocandus
862 2574 952 2602 esse
982 2560 1208 2612 videretur,
1244 2560 1341 2601 satis
1373 2560 1532 2601 exiliter
1562 2573 1767 2614 expressa.
1839 2559 2020 2600 Mettum
2052 2558 2232 2600 duarum
2260 2559 2502 2613 Antigonae
2544 2573 2698 2601 vocum

318 2625 464 2682 paullo
495 2625 761 2681 exquisitius:
792 2626 987 2668 ordinem
1014 2626 1234 2669 trinarium
1263 2625 1566 2682 prosodiacum
1597 2626 1749 2681 excipit
1778 2625 1955 2667 dimeter
1975 2624 2181 2667 iambicus
2201 2625 2339 2680 prima
2358 2625 2439 2667 arsi
2456 2625 2698 2681 intercepta,
2727 2650 2730 2653 -

317 2693 455 2748 prima
483 2692 590 2733 thesi
621 2693 770 2744 soluta,
799 2703 889 2733 tum
926 2693 1012 2735 duo
1033 2704 1166 2735 metra
1193 2693 1388 2740 iambica,
1418 2692 1593 2734 alterum
1624 2693 1837 2747 integrum
1866 2692 2043 2733 alterum
2072 2692 2136 2733 bis
2166 2701 2442 2745 contractum,
2477 2692 2697 2734 interiecto

316 2772 460 2800 rursus
491 2759 747 2813 prosodiaco
777 2760 851 2800 illo
881 2761 1075 2801 membro
1104 2760 1298 2810 trinario;
1328 2760 1459 2800 altero
1488 2760 1587 2800 loco
1617 2769 1713 2814 post
1741 2760 1849 2800 duos
1884 2758 2121 2810 dochmios,
2152 2771 2173 2799 e
2204 2758 2359 2811 quibus
2389 2759 2505 2813 prior
2539 2758 2697 2799 laxiore

317 2826 453 2865 forma
483 2835 544 2865 est
574 2837 598 2864 a
629 2825 841 2878 Sophocle
873 2836 910 2865 et
938 2826 1141 2880 Euripide
1172 2826 1354 2866 admissa
1383 2837 1695 2879 nonnunquam
1725 2824 1856 2877 (infra
1884 2839 1921 2864 ν.
1944 2825 2055 2876 183),
2084 2823 2447 2864 interiectionibus
2477 2828 2496 2868 ἒ
2521 2827 2543 2868 ἔ
2572 2824 2698 2865 solito

316 2905 436 2932 more
479 2892 671 2932 iambum
716 2891 836 2944 quasi
872 2892 1282 2946 repraesentantibus
1314 2892 1478 2945 (0241),
1514 2891 1688 2932 recurrit
1723 2890 1953 2931 iambicum
1989 2900 2171 2930 metrum
2207 2903 2303 2930 cum
2339 2890 2513 2932 trinario
2548 2902 2698 2946 proso-

317 2959 439 3000 diaco
484 2957 742 3009 catalectico,
792 2958 1063 3011 subsequitur
1100 2958 1286 2999 trimeter
1342 2958 1548 2999 iambicus
1599 2956 1840 2998 certissimis
1882 2956 2013 3010 signis
2056 2955 2267 3009 utrimque
2309 2957 2557 2998 terminatus
2601 2969 2699 3005 cum

317 3024 533 3077 dochmio,
562 3034 607 3065 ut
637 3023 874 3066 efficiantur
915 3024 1054 3065 theses
1082 3024 1306 3079 primariae
1336 3023 1421 3065 illic
1451 3023 1802 3079 quattuordecim,
1844 3023 1914 3064 hic
1952 3035 2023 3063 sex
2067 3032 2107 3062 et
2152 3021 2303 3062 alterae
2347 3022 2697 3076 quattuordecim.

535 3214 619 3254 Sed
647 3213 897 3267 priusquam
926 3226 1166 3267 pergamus,
1196 3213 1248 3253 de
1267 3213 1410 3254 metris
1432 3213 1507 3253 rite
1539 3213 1932 3271 commensurandis
1960 3226 2094 3267 pauca
2122 3223 2167 3253 ut
2186 3214 2315 3254 verba
2334 3213 2504 3254 faciam:
2533 3213 2699 3253 iambos

315 3281 537 3321 trochaeos
580 3281 812 3334 glyconeos
857 3280 1021 3320 ionicos
1071 3290 1321 3333 anapaestos
1364 3281 1507 3319 metris
1557 3279 1767 3333 dipodicis
1810 3279 2045 3319 metiendos
2096 3294 2185 3320 esse
2240 3280 2508 3320 consentiunt
2562 3279 2697 3334 periti.

530 3418 569 3465 *)
596 3417 713 3467 ἴχνος,
740 3428 783 3454 ut
809 3417 951 3466 ἴχματα
977 3416 1124 3464 ἴθματα
1142 3415 1307 3466 Ἰσθμός,
1333 3418 1382 3453 ab
1411 3417 1558 3466 ffe‘vat?

533 3478 595 3525 **)
622 3477 719 3517 ἑπτὰ
743 3478 901 3528 θούριοι
926 3478 1136 3527 λοχαγέται
1162 3478 1268 3526 apud
1292 3477 1546 3527 Aeschylum,
1573 3476 1669 3516 ἑπτὰ
1693 3479 1858 3526 λοχαγοί
1883 3478 1988 3526 apud
2014 3477 2265 3527 Sophoclem.
