2968 3873
1403 132 1460 178 15

468 265 596 317 Nunc
638 264 769 307 redeo
815 265 869 307 ad
913 265 1189 314 τειχοσκοπὶαν
1227 264 1344 307 illam
1377 264 1645 316 Thebanam,
1691 276 1819 318 quam
1865 264 2098 306 admodum
2143 262 2290 318 paucis
2335 262 2616 305 absolvamus.

243 329 594 382 Quattuordecim
635 330 703 373 vel
745 329 974 374 duodecim
994 335 999 339 ’
1027 328 1265 373 Godofredi
1310 329 1549 373 Hermanni
1590 329 1877 372 cantiunculas
1921 329 1956 370 si
1998 329 2093 384 quis
2138 328 2335 379 trimetris
2380 327 2617 383 paedagogi

243 395 456 452 omnibus,
475 396 716 452 Antigonae
742 396 803 439 eis
823 396 978 453 quibus
997 395 1186 451 colloqui
1207 409 1302 439 eam
1321 409 1421 441 cum
1439 395 1689 451 paedagogo
1709 395 1976 438 manifestum
2005 406 2066 438 est
2094 396 2269 450 (123l24
2283 427 2293 438 .
2315 395 2460 444 132133
2477 426 2489 436 .
2510 407 2578 449 141
2602 426 2612 435 .

245 461 320 506 158
336 493 346 504 .
367 463 512 516 161s62
529 495 539 505 .
561 463 706 518 171l72
722 494 733 505 .
754 463 922 518 179l80)
951 461 1118 505 omissis
1147 462 1405 518 coniungere
1424 461 1482 505 ita
1500 461 1693 509 voluerit,
1725 470 1771 503 ut
1795 462 2063 516 stropharum
2091 460 2252 518 aliquid
2279 461 2419 503 simile
2449 460 2611 513 evadat,

241 526 399 584 dyades
439 527 593 572 triades
633 528 838 585 pentades
880 527 1048 571 efficere
1090 527 1171 570 sibi
1211 528 1344 571 videri
1385 528 1539 584 poterit
1566 528 1662 570 hast
1705 533 1816 583 a'ss'y'
1840 541 2078 570 =12.12.
2105 530 2148 570 15
2179 528 2238 570 th.
2273 527 2411 583 prim,
2437 527 2505 566 δέ
2535 526 2612 581 (de

230 593 612 651 Hippomedonte)
630 614 679 629 ==
702 608 751 649 14
765 626 774 636 .
790 596 816 638 6
833 626 842 636 .
864 607 924 649 14,
965 600 1026 650 ςῖζ
1057 594 1132 647 (de
1147 594 1301 650 Tydeo
1329 604 1369 636 et
1398 594 1742 649 Parthenopaeo)
1775 613 1823 627 =
1854 608 1879 648 9
1895 626 1904 635 .
1920 608 1946 648 9
1963 627 1971 635 .
1986 608 2014 648 4
2029 597 2078 646 —l-
2095 609 2120 648 9
2137 626 2146 635 .
2162 608 2201 648 9,
2241 602 2259 638 ί
2292 594 2369 647 (de
2384 594 2611 648 Polynice)

247 672 388 715 ¹4·9·
411 673 472 716 14,
512 661 559 700 ui
591 661 666 715 (de
681 661 966 717 Amphiarao)
1001 673 1072 702 η.
1095 673 1155 713 12,
1194 661 1243 711 ιβ’
1274 661 1350 714 (de
1379 660 1606 717 Capaneo)
1641 661 1890 714 18.4-{-18
1925 661 1970 702 18
2000 661 2089 713 (vel
2108 660 2318 713 similiter)
2347 660 2452 701 thes.
2467 660 2612 715 prim.;

240 725 286 770 id
332 725 499 770 efficere
545 740 635 770 non
695 727 862 783 poterit,
909 727 1013 783 quin
1060 726 1286 783 ridendum
1338 727 1383 769 in
1430 727 1608 769 modurn
1655 726 1928 770 circumsilire
1975 726 2195 768 videantur
2241 740 2349 782 quae
2405 736 2503 768 sunt
2558 726 2611 767 de

242 792 564 849 Parthenopaeo
589 794 656 842 (η’)
681 793 940 848 quindecim,
968 794 1020 835 de
1041 793 1242 849 Polynice
1267 795 1337 839 (3)
1362 794 1502 836 theses
1529 793 1754 849 primariae
1781 806 1949 834 novem.
2006 797 2061 834 At
2086 794 2160 835 ubi
2188 794 2372 848 primum
2399 794 2611 835 trimetros

241 859 605 916 assumpserimus,
647 869 870 902 occurrent
903 859 1029 902 nobis
1069 859 1246 915 grandia
1286 860 1561 916 periodorum
1609 859 1730 914 quasi
1777 872 1957 915 corpora
1999 869 2138 901 erecto
2179 860 2345 902 incessu
2387 870 2428 901 et
2464 859 2611 901 habitu

242 925 430 980 quodam
458 926 600 981 regali.
656 929 825 980 Agmen
867 925 983 967 ducit
1023 925 1122 967 trias
1165 926 1219 968 de
1260 926 1458 968 universo
1502 926 1707 967 exercitus
1750 936 1933 981 aspectu.
1998 926 2195 980 Sequitur
2234 927 2333 968 trias
2366 939 2455 967 uno
2489 926 2610 980 quasi

242 991 443 1033 dochmio
477 991 620 1034 minor
654 1005 751 1033 cum
785 992 965 1047 pentade
1001 1004 1134 1033 novos
1169 991 1377 1046 quosdam
1410 1005 1611 1033 numeros
1654 991 1932 1046 inaugurante
1969 992 2020 1032 de
2050 991 2262 1046 Polynicis
2290 991 2449 1033 viribus
2484 1002 2523 1033 et
2557 992 2610 1033 de

241 1056 601 1112 Hippomedonte.
650 1057 719 1098 Ad
744 1057 905 1112 priores
933 1058 1087 1099 modos
1116 1057 1252 1099 redire
1280 1057 1377 1099 trias
1396 1058 1561 1098 videtur
1579 1058 1632 1098 de
1648 1057 1814 1112 Tydeo.
1872 1058 1987 1098 Tum
2007 1057 2366 1110 tranquillioribus
2385 1057 2610 1099 interiectis

241 1123 295 1165 de
323 1124 575 1166 Aetolorum
608 1134 732 1177 gente
769 1134 808 1165 et
842 1123 895 1165 de
930 1122 1166 1178 paedagogi
1203 1122 1413 1178 legatione
1449 1123 1816 1165 observationibus
1854 1136 2056 1179 praeceps
2090 1123 2134 1165 in
2169 1123 2251 1165 iras
2287 1132 2326 1165 et
2363 1123 2610 1166 devotiones

241 1189 446 1246 abripitur
472 1200 621 1246 pentas
648 1189 701 1232 de
731 1189 1067 1245 Parthenopaeo,
1109 1188 1178 1231 cui
1220 1199 1315 1245 post
1350 1189 1639 1245 interpositam
1675 1189 1888 1245 egregiam
1924 1190 1975 1232 de
2005 1190 2206 1246 Polynice
2243 1190 2364 1231 fratre
2395 1189 2609 1231 carissimo

241 1256 467 1312 pentadem
495 1256 735 1312 superiores
764 1257 817 1299 de
847 1255 1060 1311 Polynicis
1090 1255 1224 1312 copiis
1253 1266 1293 1298 et
1322 1256 1374 1297 de
1402 1255 1761 1312 Hippomedontis
1791 1257 1927 1298 forma
1954 1256 2149 1312 gigantea
2177 1257 2375 1311 periodos
2404 1257 2448 1297 in
2477 1269 2609 1297 unum

242 1322 363 1378 quasi
398 1335 551 1379 corpus
588 1322 918 1365 confundentem
952 1321 1175 1364 manifesto
1210 1322 1436 1378 respondet
1463 1323 1610 1378 heptas
1637 1324 1690 1364 ab
1720 1323 1969 1379 Amphiarai
1998 1323 2271 1364 admiratione
2301 1323 2354 1363 ad
2381 1323 2609 1363 vehemen-

239 1389 421 1431 tissimas
468 1389 520 1430 de
564 1389 768 1445 Capaneo
811 1402 956 1444 preces
1004 1399 1128 1443 atque
1176 1389 1479 1430 exsecrationes
1523 1403 1613 1430 sese
1656 1390 1860 1430 attollens.
1932 1391 2006 1430 Est
2052 1389 2177 1443 igitur
2224 1389 2432 1429 canticum
2480 1402 2607 1429 omne

241 1455 306 1509 (a¹
326 1455 369 1497 a2
388 1455 430 1497 a3
451 1468 462 1496 :
482 1456 537 1509 al,
578 1455 695 1508 b⁸⁸⁸¹‚
737 1455 880 1508 a2-l-3‚
922 1455 1043 1496 b²¹÷⁸
1073 1475 1120 1489 =
1152 1456 1305 1509 azab)
1340 1456 1439 1496 trias
1474 1455 1651 1510 epodica
1685 1455 1879 1510 bigarum
1913 1467 2030 1511 parte
2066 1456 2194 1496 altera
2223 1453 2374 1508 (a2÷³)
2414 1464 2453 1496 et
2482 1454 2608 1508 epodi

242 1521 417 1563 dimidia
445 1533 561 1577 parte
590 1522 730 1578 priore
761 1522 910 1575 (bam)
940 1521 1183 1576 pectinatim
1212 1521 1319 1563 inter
1347 1535 1391 1563 se
1421 1522 1626 1577 implexis.

458 1716 558 1756 Non
587 1726 796 1770 exspecto,
826 1716 925 1755 dum
956 1715 1224 1756 inventorum
1253 1727 1446 1755 meorum
1476 1715 1632 1757 aemuli
1662 1727 1890 1757 accurrant.
1949 1717 2070 1767 Quae
2101 1730 2199 1758 cum
2228 1717 2344 1758 nullo
2387 1717 2471 1758 fere
2502 1717 2608 1758 anti-

244 1794 426 1835 quorum
455 1781 662 1823 artificum
691 1780 934 1822 testimonio
964 1780 1218 1833 confirmari,
1248 1779 1308 1822 eis
1337 1790 1477 1822 autem
1506 1794 1615 1835 quae
1645 1782 1928 1824 recentiorum
1957 1782 2148 1837 plerique
2178 1793 2249 1824 aut
2282 1783 2326 1824 in
2355 1783 2419 1825 his
2447 1783 2607 1838 graecis

242 1858 312 1888 aut
339 1848 385 1888 in
413 1847 648 1889 vernaculis
678 1847 934 1889 carminibus
965 1846 1187 1888 recitandis
1220 1846 1447 1888 subaudire
1476 1846 1613 1888 solent
1640 1848 1911 1890 vehementer
1939 1861 2174 1904 repugnare
2202 1849 2433 1901 videantur,
2475 1849 2609 1903 magis

243 1923 313 1955 aut
340 1923 534 1968 suspecta
562 1923 658 1955 sunt
687 1923 757 1955 aut
785 1923 957 1969 propter
986 1912 1213 1954 novitatem
1242 1911 1360 1964 mira,
1390 1925 1518 1967 quam
1547 1923 1593 1954 ut
1622 1913 1826 1956 continuo
1854 1915 2045 1970 pluribus
2071 1915 2314 1970 probentur.
2372 1916 2416 1956 Id
2443 1928 2516 1956 eos
2536 1915 2611 1969 qui

242 1979 330 2020 veri
360 1992 488 2033 quam
517 1979 581 2021 sui
611 1979 865 2021 amantiores
894 1990 989 2020 sunt
1020 1989 1188 2034 rogatos
1207 1979 1348 2031 velim,
1377 1992 1430 2020 ne
1460 1979 1496 2020 si
1524 1979 1755 2021 identidem
1784 1994 2057 2022 numerorum
2087 1981 2339 2036 proprietate
2369 1992 2610 2036 contempta

243 2057 351 2100 quae
397 2054 486 2104 totp
535 2045 652 2087 caelo
700 2045 863 2086 diversa
910 2045 1047 2101 putari
1087 2044 1224 2086 solent
1260 2057 1513 2099 exaequasse
1549 2046 1745 2100 equidem
1775 2047 1932 2097 videar,
1961 2047 2239 2101 obstupefacti
2269 2048 2319 2087 de
2350 2047 2608 2087 canticorum

243 2111 544 2153 instauratione
574 2112 797 2166 desperare
827 2121 1047 2152 maturent.
1104 2112 1216 2151 Nam
1244 2124 1405 2162 vereor,
1434 2125 1488 2151 ne
1518 2122 1559 2151 et
1586 2112 1746 2153 variare
1776 2127 1883 2165 quae
1914 2114 2062 2153 eadem
2091 2113 2131 2152 vi
2169 2127 2258 2153 esse
2305 2113 2431 2153 velint
2478 2123 2517 2153 et
2564 2113 2608 2153 in

242 2177 360 2217 omni
389 2177 618 2218 variatione
648 2177 803 2218 mirum
833 2177 1045 2231 quendam
1074 2186 1328 2217 concentum
1357 2176 1535 2217 retinere
1566 2177 1825 2218 Graecorum
1855 2179 1906 2219 sit
1936 2179 2167 2232 proprium.
2226 2181 2306 2222 ἔστι
2337 2184 2411 2232 γὰρ
2443 2177 2610 2231 &punt-la

241 2248 492 2297 πολυμιγέων
517 2245 655 2294 ἕνωσις
678 2252 744 2287 καὶ
770 2249 859 2297 δίχα
884 2249 1135 2298 φρονεόντων
1161 2248 1436 2297 συμφρόνησις.

0 3840 93 3873 ἒὲἓζζ
103 3864 124 3873 :³
132 3849 187 3873 'is-{42¹
197 3853 222 3873 ζζ,
235 3870 237 3873 .
248 3864 259 3873 ’.
