2968 3873
1469 155 1496 199 8

510 285 725 339 Antigona
753 285 893 338 igitur,
921 284 1060 325 theses
1088 284 1310 339 primarias
1338 284 1374 326 si
1402 297 1690 336 numeramuS,
1719 285 1762 326 in
1792 284 2140 340 Hippomedonte
2169 283 2313 326 metris
2339 283 2470 325 utitur
2496 282 2582 326 his:

1455 413 1475 443 3
1496 417 1525 458 4
1554 418 1577 446 2
1593 403 1641 452 -l-
1658 413 1679 445 8
1697 403 1745 453 -Ι-
1761 419 1784 446 2

1231 538 1251 568 ³
1273 530 1326 577 ³11
1351 543 1373 571 2
1391 529 1472 578 4⁸
1546 531 1571 572 6
1655 538 1676 569 a

288 692 331 723 ut
362 681 620 737 respondere
663 681 772 723 inter
806 694 850 722 se
881 690 920 722 et
956 680 1121 722 iambos
1164 680 1309 722 nescio
1340 694 1426 735 quo
1456 679 1605 722 ordine
1648 689 1688 722 et
1723 679 1915 723 membra
1956 678 2128 722 trinaria
2169 690 2380 735 appareat,
2421 680 2676 735 prosodiaco

288 748 437 788 ultimo
480 748 524 787 in
568 747 816 788 dochmium
860 756 1034 798 mutato,
1076 746 1198 787 sicuti
1242 746 1433 788 desinere
1469 745 1692 787 dochmios
1733 745 1917 787 vidimus
1959 744 2003 786 in
2039 744 2339 800 prosodiacum
2375 745 2676 800 catalecticum,

290 813 546 854 Reizianum
577 813 694 867 quod
723 826 875 853 vocare
906 813 1004 853 satis
1032 812 1189 853 habent
1219 812 1292 866 qui
1321 812 1426 853 nihil
1456 811 1614 853 dictum
1643 811 1801 853 volunt.

508 1000 625 1041 Haec
647 1013 744 1041 cum
765 1012 863 1041 vera
893 999 975 1040 sint
1003 1012 1143 1053 neque
1164 999 1238 1040 ulli
1268 1008 1338 1040 aut
1358 998 1611 1040 dubitationi
1638 1009 1708 1040 aut
1737 998 1975 1040 calumniae
1996 997 2193 1050 obnoxia,
2224 998 2267 1039 id
2286 1011 2420 1040 unum
2450 998 2675 1054 quaeritur,

288 1066 413 1108 nobis
443 1077 584 1107 utrum
615 1066 873 1108 documento
903 1079 994 1107 esse
1036 1065 1215 1106 velimus
1259 1078 1412 1115 necne;
1449 1078 1533 1120 qua
1568 1065 1611 1106 in
1640 1078 1684 1106 re
1728 1076 1772 1106 ut
1802 1078 1939 1107 errare
1969 1064 2169 1119 proclive,
2204 1065 2260 1106 ita
2295 1064 2472 1107 meliora
2507 1064 2676 1107 docenti

288 1133 607 1174 oboediendum
639 1132 726 1173 erit.
785 1135 848 1173 Ac
878 1132 1039 1173 discere
1068 1132 1255 1187 primum
1285 1131 1458 1186 quidem
1489 1131 1699 1172 videmur:

577 1210 729 1251 eodem
751 1209 942 1261 circuitu,
962 1209 1123 1251 eisdem
1142 1210 1210 1251 vel
1239 1209 1447 1250 similibus
1467 1219 1673 1264 quantum
1693 1209 1897 1264 suspicari
1926 1209 2023 1252 licet
2043 1209 2251 1252 melodiae
2271 1209 2457 1251 modulis
2484 1210 2676 1251 membra

576 1276 726 1317 variari
769 1286 927 1316 mutata
965 1289 1242 1317 numerorum
1271 1275 1563 1316 moderatione
1594 1299 1643 1305 —
1674 1289 1740 1316 res
1769 1275 1812 1316 in
1842 1286 1929 1316 arte
1959 1277 2120 1318 musica
2150 1275 2366 1317 sollemnis
2396 1285 2436 1317 et
2464 1275 2597 1316 Musis
2640 1275 2674 1316 si

578 1342 782 1396 placuerit
813 1341 1050 1382 dulcedinis
1079 1341 1174 1382 fons
1205 1341 1456 1393 uberrimus,

285 1455 458 1498 deinde:

573 1571 774 1625 periodos
805 1570 981 1611 circuitu
1012 1569 1165 1611 eodem
1194 1570 1260 1610 vel
1290 1570 1412 1611 certis
1452 1569 1705 1624 quibusdam
1752 1569 1985 1611 rationibus
2015 1594 2064 1600 —
2094 1570 2269 1626 proodis
2313 1569 2498 1612 mesodis
2527 1569 2675 1626 epodis

575 1637 748 1679 adiectis
793 1637 889 1677 dico
921 1662 969 1666 —
1001 1636 1258 1692 amplificato
1300 1636 1451 1677 variari
1495 1647 1564 1678 aut
1607 1636 1808 1678 membris
1838 1636 1981 1692 paullo
2025 1650 2145 1678 secus
2188 1636 2391 1678 ordinatis
2420 1647 2490 1678 aut
2519 1646 2676 1678 mutata

572 1704 750 1746 omnino
780 1703 945 1759 periodi
975 1703 1019 1745 in
1048 1704 1240 1745 membra
1270 1703 1490 1756 divisione,

284 1832 392 1862 tum:

575 1935 691 1988 quod
727 1934 770 1974 in
806 1945 892 1975 arte
921 1934 1195 1988 grammatica
1231 1933 1507 1982 enuntiatum,
1543 1933 1656 1974 idem
1692 1935 1733 1974 in
1778 1934 1951 1975 metrica
1980 1944 2078 1985 arte,
2122 1934 2156 1975 si
2199 1947 2287 1975 non
2331 1933 2444 1988 apud
2479 1933 2676 1974 mortales

573 2014 736 2049 omnes,
766 2011 806 2040 at
836 2000 949 2054 apud
971 1999 1158 2041 Graecos
1188 2009 1311 2050 certe,
1341 1999 1551 2054 principio
1591 2013 1680 2040 esse
1710 2000 1948 2054 periodum,
1977 2000 2002 2040 i.
2031 2013 2065 2041 e.
2096 2000 2295 2041 binorum
2324 1999 2489 2054 parium
2510 2022 2560 2027 ——
2579 2012 2675 2039 cum

571 2080 705 2121 grano
741 2066 837 2107 salis
872 2065 1054 2120 accipias
1087 2065 1214 2106 velim
1232 2066 1363 2106 —vel
1392 2065 1612 2116 trinorum,
1655 2067 1728 2107 sed
1758 2066 1957 2107 binorum
1987 2066 2132 2121 utique
2161 2066 2341 2120 parium,
2385 2066 2674 2106 membrorum

573 2132 693 2187 quasi
723 2131 941 2186 quoddam
972 2131 1235 2186 symplegma
1263 2142 1348 2172 tam
1379 2142 1464 2172 arte
1495 2131 1784 2185 coniunctum,
1814 2142 1859 2173 ut
1902 2132 2080 2174 discindi
2110 2131 2380 2186 separarique
2410 2141 2479 2172 aut
2508 2131 2673 2186 parium

574 2208 684 2240 certe
705 2199 997 2239 membrorum
1019 2197 1204 2239 fraudari
1220 2197 1350 2238 altero
1372 2208 1466 2238 utro
1483 2209 1683 2252 nequeat,
1700 2198 1802 2252 quin
1819 2198 1947 2240 totius
1968 2198 2158 2253 corporis
2178 2197 2298 2252 quasi
2328 2197 2501 2238 intereat
2522 2197 2674 2239 anima.

502 2265 619 2315 Quas
660 2265 704 2304 in
748 2264 935 2319 periodis
978 2264 1045 2304 vel
1087 2264 1275 2304 minimis
1318 2264 1635 2304 conformandis
1679 2264 1868 2306 adhiberi
1907 2265 2100 2306 videmus
2134 2264 2331 2315 rationes,
2370 2263 2538 2305 easdem
2566 2263 2602 2305 si
2630 2263 2674 2305 in

283 2332 468 2386 strophis
499 2331 818 2384 maioribusque
849 2330 1024 2371 canticis
1054 2330 1262 2371 adhibitas
1292 2329 1590 2377 invenerimus,
1621 2330 1726 2371 nihil
1754 2330 1926 2372 habebit
1957 2329 2258 2372 admirationis.

500 2577 569 2615 τὸν
596 2579 628 2614 δ’
657 2575 896 2626 ἐξαμείβοντ’
925 2573 996 2624 οὐχ
1024 2570 1118 2627 ὁρᾷς
1142 2578 1286 2625 Δίρκης
1311 2571 1436 2626 ῧδωρ,·
1478 2572 1573 2627 quis
1606 2573 1734 2613 verba
1764 2571 1887 2613 facit?
1916 2571 2213 2627 paedagogum
2229 2571 2333 2613 olim
2354 2570 2673 2623 arbitrabantur,

281 2652 393 2679 nunc
430 2649 527 2678 sunt
558 2637 630 2691 qui
662 2638 921 2691 Antigonam
950 2637 1111 2686 malint,
1141 2638 1270 2678 credo
1299 2652 1352 2679 ne
1382 2639 1697 2680 immodestiam
1725 2652 1848 2680 servo
1878 2639 2098 2693 imputent.
2156 2637 2287 2692 Atqui
2329 2650 2474 2679 senem
2502 2650 2673 2691 gravem

281 2715 320 2746 et
363 2704 616 2759 prudentem
660 2703 828 2758 saepius
871 2703 1137 2758 interpellare
1181 2704 1413 2758 puellulam
1456 2704 1652 2746 videmus
1686 2704 1860 2758 ingenio
1904 2704 2106 2746 mobilem
2149 2703 2356 2758 facileque
2391 2717 2415 2744 a
2452 2703 2673 2758 proposito

280 2772 559 2821 aberrantem,
589 2770 705 2810 velut
742 2783 841 2823 ¹¹7·
865 2782 949 2822 170.

499 2848 707 2888 Alacriter
728 2848 944 2901 Antigona
972 2848 1195 2902 peregrina
1225 2849 1409 2902 quadam
1440 2861 1655 2890 armorum
1685 2848 1823 2890 forma
1849 2849 2090 2890 observata:
2130 2850 2246 2900 ἄλλος
2271 2849 2387 2899 ἄλλος
2413 2847 2479 2892 ὅδε
2503 2852 2673 2902 τευχέων

279 2922 433 2968 τρόπος,
473 2915 676 2963 trimetro,
707 2914 741 2954 si
771 2913 904 2954 modo
934 2913 1038 2954 fides
1067 2914 1263 2954 habenda
1293 2915 1462 2955 lectioni
1493 2916 1680 2966 traditae,
1716 2916 1903 2956 iambico
1939 2915 2075 2969 prima
2112 2914 2192 2955 arsi
2227 2915 2290 2955 bis
2326 2914 2475 2955 hausta
2504 2940 2554 2945 —
2584 2914 2672 2965 sed,

281 2981 435 3022 silentii
466 2991 598 3022 tutam
628 2979 870 3021 mercedem
901 2989 945 3020 ut
981 2979 1268 3035 repudiemus,
1298 2980 1489 3022 excidere
1520 2982 1646 3022 arsim
1684 2980 1910 3037 iambicam
1940 2980 2062 3022 initio
2088 2994 2233 3022 versus
2263 2990 2334 3022 aut
2361 2979 2396 3021 si
2426 2979 2599 3034 quando
2628 2979 2672 3021 in

279 3047 422 3086 medio
453 3060 575 3087 versu
606 3057 702 3087 ante
724 3046 921 3086 vocabuli
952 3045 1119 3085 initium
1149 3047 1352 3101 temporis
1373 3046 1539 3087 defectu
1559 3060 1691 3102 pausa
1718 3047 1859 3102 aliqua
1880 3057 2154 3103 compensato
2175 3046 2363 3103 potuisse
2384 3045 2672 3099 concedimus,

279 3128 424 3154 versus
470 3114 593 3154 initio
623 3124 720 3154 ante
765 3113 919 3154 thesim
956 3114 1137 3153 solutam
1169 3113 1371 3154 excidisse
1403 3115 1447 3166 (Λ
1471 3131 1520 3153 ω
1553 3116 1663 3166 υ-)
1694 3114 1889 3168 cogimur
1918 3114 2166 3166 concedere,
2209 3114 2252 3154 in
2282 3113 2426 3154 medio
2461 3113 2671 3154 vocabulo

281 3180 425 3235 utique
457 3190 495 3221 et
526 3180 775 3235 negavimus
805 3193 974 3235 semper
1004 3191 1042 3220 et
1073 3179 1336 3233 negabimus,
1373 3180 1474 3220 dum
1505 3181 1838 3222 contractionem
1871 3180 1962 3222 fieri
1991 3181 2152 3222 nullam
2180 3180 2368 3236 potuisse
2397 3179 2505 3221 thesi
2534 3180 2672 3221 vicina

279 3258 456 3301 utraque
478 3247 615 3289 soluta
636 3248 742 3301 (o—
761 3264 842 3288 ooo
877 3261 955 3288 Auo
977 3272 1056 3288 υ-
1086 3269 1165 3288 υ-
1185 3246 1257 3298 -)
1280 3260 1368 3288 uno
1391 3246 1534 3301 aliquo
1556 3248 1751 3302 exemplo
1777 3247 1874 3289 satis
1899 3247 2115 3289 luculento
2143 3258 2406 3302 coarguatur.
2456 3247 2672 3300 Antigona

278 3314 404 3368 igitur
425 3319 543 3364 ἀλλος
570 3317 707 3364 ‹ia-mg
738 3313 803 3357 ὅδε
830 3333 911 3358 τευ·
940 3314 1077 3370 prima
1101 3313 1181 3354 arsi
1205 3312 1268 3354 bis
1295 3313 1583 3355 contractione
1610 3314 1759 3356 hausta
1787 3314 1989 3356 cecinisse
2018 3314 2205 3369 putanda
2226 3324 2300 3367 est,
2319 3315 2514 3357 (ἓως-ἶ
2533 3334 2670 3364 war,

280 3381 324 3421 in
355 3381 486 3421 altero
517 3381 690 3434 quidem
720 3391 855 3421 metro
886 3380 1130 3421 anaclaseos
1160 3380 1203 3420 in
1234 3380 1386 3421 ionicis
1415 3380 1603 3422 dimetris
1633 3382 1731 3423 satis
1760 3381 1878 3424 tritae
1914 3391 2039 3437 atque
2078 3391 2122 3424 ut
2152 3394 2279 3437 supra
2308 3378 2587 3437 cognovimus
2617 3393 2671 3422 ne

282 3459 305 3488 a
335 3447 545 3488 dochmiis
575 3447 750 3501 quidem
778 3460 953 3502 prorsus
984 3446 1145 3490 alienae
1177 3459 1252 3489 usa
1282 3446 1465 3502 quadarn
1495 3447 1704 3489 varietate.
