2968 3873
1449 155 1474 198 7

280 284 479 341 Dactylos
499 283 651 341 lyricos
671 282 868 340 dipodice
887 283 1124 326 metiendos
1140 297 1230 325 esse
1249 283 1323 326 diu
1339 293 1400 325 est
1419 297 1470 325 ex
1489 296 1576 339 quo
1597 284 1724 326 docui
1744 297 1823 326 nec
1841 284 1983 326 multis
2004 285 2258 340 persuasisse
2281 285 2440 327 videor.
2497 285 2651 327 Adhuc

280 353 315 395 si
336 351 429 408 quis
450 350 621 392 credere
642 363 686 391 se
714 363 838 405 posse
867 350 1095 404 negaverit,
1128 361 1199 391 aut
1224 351 1377 406 poterit
1405 350 1584 392 docente
1607 351 1939 393 Wilamowitzio
1965 356 2127 393 Griech.
2154 356 2281 408 Trag.
2304 352 2357 393 111
2387 353 2529 405 (1906)
2564 353 2650 395 156.

282 421 353 463 311
385 427 457 460 aut
484 426 654 460 coactus
683 415 761 459 erit
786 430 913 472 posse
942 416 1158 472 recognita
1183 416 1312 472 longa
1331 430 1440 473 quae
1466 417 1510 460 in
1537 427 1738 473 promptu
1766 418 1891 460 nobis
1920 428 1981 460 est
2011 418 2336 475 responsionum
2357 417 2652 474 dipodicarum

280 485 399 527 serie.
447 482 604 526 Simiae
624 482 784 526 Rhodii
811 493 961 539 poetae
986 483 1247 538 grammatici
1275 483 1496 526 ‘trimetris'
1525 483 1757 526 insolenter
1785 483 1997 536 dimensiS‚
2036 492 2229 539 Πιερίδων
2251 490 2502 539 μονόδονπον
2527 486 2652 529 αὐδάν

279 551 345 593 vel
388 552 489 604 αἶψα
523 551 610 604 μεθ’
638 554 843 605 ἱμερόεντα
871 556 1006 604 μαζὸν,
1044 549 1161 607 ΙιειιιείΔ
1193 549 1312 593 facile
1341 549 1566 605 quisquam
1601 550 1709 592 adeo
1742 550 1991 603 movebitur,
2020 561 2064 592 ut
2091 562 2314 607 propterea
2343 550 2396 592 de
2429 560 2651 606 poetarum

280 629 376 658 vere
405 615 647 671 lyricorum,
675 616 774 657 inde
795 617 847 658 ab
867 616 1073 658 Alcmane
1093 630 1227 671 usque
1247 617 1300 658 ad
1320 616 1612 668 Timotheum,
1640 616 1708 657 vel
1727 616 1826 657 inde
1847 617 1898 657 ab
1920 617 2131 671 Aeschylo
2152 631 2286 671 usque
2312 617 2366 658 ad
2386 617 2652 672 Euripidem,

280 685 325 726 in
364 681 551 725 dimetris
585 681 667 723 illis
695 682 877 723 Alcaicis
920 695 999 723 usu
1043 692 1281 724 constanter
1308 683 1531 724 observato
1559 695 1681 723 secus
1723 682 1999 723 iudicandum
2028 696 2117 724 esse
2152 683 2370 735 existimet,
2405 683 2651 738 praesertim

281 763 379 792 cum
414 748 597 790 eundem
626 748 746 790 illum
774 748 1101 789 versificatorem
1130 748 1423 790 funambulum
1452 749 1497 789 in
1525 749 1716 789 versibus
1737 748 1820 789 Ovi
1850 748 2123 790 ‘decametris'
2152 750 2392 791 membrum
2421 749 2651 791 Adoneum

279 832 317 856 v.
338 830 373 856 c.
393 829 475 869 pro
496 814 702 855 ‘dimetro’
720 814 934 855 venditare
964 814 1312 856 animadverterit.
1366 816 1517 868 Neque
1538 828 1628 856 esse
1648 814 1773 856 video
1789 815 1905 868 quod
1924 825 2073 868 poetae
2093 815 2329 857 ludibundo
2346 829 2432 857 non
2449 815 2649 857 struthio—

280 881 536 924 camelinum
565 879 702 922 statim
730 894 859 922 ovum
889 878 942 922 ad
971 893 1122 922 manus
1149 879 1319 923 habenti
1344 879 1413 923 vel
1441 879 1607 923 chartae
1634 878 1836 934 angustiis
1864 879 2072 923 laboranti
2100 880 2369 936 ignoscamus
2398 881 2649 937 deprecante

282 947 462 1003 Bergkio
483 946 655 1003 propter
682 946 858 989 nimiam
886 945 1045 989 scilicet
1072 946 1254 989 futuram
1282 960 1480 990 versuum
1508 945 1818 1001 longitudinem
1849 946 2031 1001 (Anthol
2052 947 2125 1002 lyr.
2146 946 2164 974 ²
2184 961 2224 1003 p.
2242 947 2489 1002 LXXVIII).
2539 948 2650 989 Nam

279 1012 542 1069 grammatici
571 1025 757 1055 errorem
787 1014 959 1056 subesse
987 1013 1121 1055 multo
1149 1012 1411 1068 probabilius
1440 1023 1512 1055 est.
1570 1013 1656 1065 Qui
1686 1025 1803 1055 error
1830 1013 1944 1055 unde
1971 1024 2092 1055 natus
2121 1013 2171 1055 sit
2200 1024 2371 1069 apparet
2400 1027 2450 1055 ex
2479 1014 2651 1055 scholiis

212 1112 213 1115 η
280 1075 419 1136 Heph.
454 1092 494 1135 p.
530 1080 694 1134 174s75:
751 1078 819 1117 ἐὰν
845 1078 920 1130 γὰρ
955 1073 1104 1130 ὖπερβῇ
1128 1079 1174 1118 τὸ
1204 1079 1433 1117 δακτυλωτὸν
1469 1078 1514 1118 τὸ
1553 1078 1776 1128 ἑξάμετρον,
1813 1077 1970 1117 κάκεῖνο
2005 1080 2182 1129 βαίνεται
2217 1079 2316 1117 κατὰ
2353 1081 2543 1118 διποδίαν.
2582 1079 2652 1117 ἐὰν

278 1146 412 1196 μέντοι
437 1144 546 1191 ἐντὸς
570 1142 594 1196 ᾗ
620 1146 689 1183 τοῦ
715 1144 937 1196 ἑξαμέτρου,
967 1146 1037 1196 τὴν
1075 1145 1255 1190 ἐξουσίαν
1281 1142 1359 1194 ἔχει
1387 1147 1595 1195 βαίνεσθαι
1630 1145 1731 1184 κατὰ
1753 1147 2007 1194 μονοποδίαν,
2043 1159 2149 1200 quae
2185 1147 2278 1187 coll.
2314 1147 2417 1187 Mar.
2447 1147 2650 1187 Victorin.

279 1227 319 1269 p.
340 1226 406 1267 70,
441 1226 486 1254 12
515 1226 556 1253 ss
576 1213 615 1253 K
641 1226 728 1253 non
757 1213 848 1254 sine
877 1213 972 1268 puri
1002 1212 1128 1253 fontis
1148 1212 1332 1267 quadam
1359 1213 1597 1254 turbatione
1627 1209 1677 1254 ex
1696 1212 1936 1253 Aristoxeni
1966 1212 2157 1253 doctrina
2185 1212 2350 1254 fluxisse
2379 1213 2650 1254 manifestum

281 1289 341 1320 est
380 1279 566 1334 dactylos
596 1279 738 1333 epicos
773 1293 797 1320 a
825 1279 986 1320 melicis
1027 1289 1194 1320 strenue
1238 1278 1522 1320 discernentis.
1579 1279 1759 1320 Versum
1803 1278 1928 1332 igitur
1969 1278 2147 1319 heroum
2192 1292 2285 1319 cum
2329 1293 2399 1320 sex
2442 1279 2650 1321 mensuris

280 1345 425 1387 nescio
455 1344 608 1400 quibus
637 1345 898 1387 metiendum
928 1359 1018 1387 esse
1045 1344 1145 1387 inde
1175 1345 1227 1393 ab
1248 1345 1455 1386 Herodoti
1484 1355 1524 1386 et
1553 1344 1740 1386 Platonis
1769 1345 2031 1400 temporibus
2060 1345 2289 1386 constiterit
2316 1345 2423 1386 inter
2449 1344 2650 1397 Graecos,

281 1411 383 1466 quid
411 1411 579 1463 mirum,
609 1412 725 1465 quod
755 1425 804 1453 ex
835 1425 934 1466 ·qu0
964 1421 1131 1453 cantare
1160 1411 1338 1452 omnino
1366 1412 1432 1452 vel
1474 1411 1616 1453 cantui
1656 1411 2061 1466 pangere‘carmina
2102 1411 2313 1453 desierunt
2356 1422 2518 1465 poetae,
2562 1425 2649 1453 non

280 1477 419 1518 solum
474 1477 751 1532 ‘pentametri‘
808 1477 1018 1519 famosum
1073 1490 1230 1518 nomen
1282 1477 1443 1518 invenit
1496 1487 1566 1518 aut
1622 1478 1674 1518 ab
1722 1477 1806 1519 alio
1858 1477 2076 1518 inventum
2139 1477 2294 1531 recepit
2346 1477 2650 1519 Hermesianax

280 1543 433 1597 (2,35)‚
462 1541 536 1584 sed
567 1541 668 1582 κατὰ
702 1543 944 1591 μονοποδίαν
983 1545 1205 1592 μετρεῖσδαι
1240 1542 1288 1580 τὰ
1331 1542 1539 1581 δακτυλικὰ
1575 1543 1641 1584 vel
1671 1542 1931 1584 doctioribus
1959 1543 2128 1599 placuit,
2157 1552 2202 1583 ut
2230 1542 2465 1584 Heliodoro
2495 1543 2649 1595 (schol.

281 1612 353 1650 Ar.
383 1621 471 1650 ran.
502 1609 631 1662 208)?
687 1609 955 1664 Asclepiadei
985 1622 1069 1664 qua
1110 1609 1271 1651 ratione
1306 1609 1359 1650 ad
1399 1610 1643 1664 glyconeos,
1682 1609 1872 1649 dochmii
1901 1622 1985 1664 qua
2014 1609 2067 1649 ad
2096 1609 2380 1663 asclepiadeos
2423 1610 2651 1649 revocandi

280 1689 370 1716 esse
416 1675 659 1716 viderentur
700 1675 941 1730 nuperrime
975 1675 1153 1729 exposui
1188 1675 1339 1716 Philol.
1369 1677 1434 1729 64,
1469 1677 1582 1727 1905,
1610 1676 1704 1729 493.
1762 1675 1931 1715 Addere
1973 1675 2057 1715 hoc
2099 1675 2195 1715 loco
2239 1676 2324 1715 duo
2353 1675 2648 1716 dochmiorum

281 1741 473 1796 exempla
501 1741 627 1793 iuvat,
663 1741 840 1781 alterum
867 1741 1050 1795 priscam
1081 1741 1369 1795 antiquitatem
1406 1741 1614 1792 redolens,
1650 1740 1887 1781 trimetrum
1923 1740 2472 1795 asclepiadeo-dochmium,
2503 1746 2561 1784 ἰδέ
2601 1760 2650 1793 με

278 1812 351 1851 τὰν
376 1811 495 1851 ἱκέτιν
512 1813 671 1861 φυγάδα
694 1814 930 1861 περίδρομον
946 1829 993 1843 =
1012 1813 1058 1850 σὺ
1085 1813 1128 1850 δὲ
1151 1809 1238 1861 παρ’
1268 1809 1461 1861 ὀψιγόνου
1491 1813 1595 1860 μάθε
1626 1811 1781 1861 γερα<ὰ)
1807 1819 1969 1861 φρονεῖν
2016 1806 2187 1847 Aesch.·
2212 1807 2349 1860 suppl.
2395 1808 2472 1860 349
2503 1827 2550 1840 =
2582 1809 2648 1858 61,

280 1873 457 1915 alterum
498 1872 716 1928 popularis
746 1873 979 1914 cantilenae
1017 1873 1206 1915 vetustati
1248 1886 1407 1914 novum
1450 1873 1663 1927 quendam
1711 1872 1892 1914 nitorem
1935 1873 2190 1914 admiscens:
2248 1877 2293 1916 ἰὼ
2321 1877 2380 1922 ἰώ,
2408 1876 2644 1926 γενναιότατ’

281 1942 436 1984 ὢ-θεῖτε
474 1941 644 1984 anaiade?
687 1945 858 1983 ἐκοκάετε
894 1945 966 1995 τὴν
1005 1944 1131 1995 ὀφρῦν
1144 1946 1160 1993 l
1172 1945 1295 1995 θηρὸς
1321 1946 1417 1994 [τοῦ]
1446 1946 1652 1990 ξενοδαίτα
1671 1945 1685 1989 l
1699 1941 1827 1993 τύφετ’
1858 1941 1889 1983 ὦ
1904 1945 1919 1991 l
1931 1942 2030 1983 κὰετ’
2062 1941 2092 1983 ὦ
2106 1946 2121 1992 l
2134 1944 2204 1983 τὸν
2232 1942 2649 1993 Αἴτνας·μηλονὸμον.-

279 2009 427 2061 τόρνευ’
449 2009 546 2057 ἕλκε,
571 2013 623 2060 μὴ
640 2008 962 2060 σ’-ἐξοδυνηθείςΙ
976 2013 1099 2061 δράσῃ
1118 2027 1155 2051 τι
1170 2013 1349 2061 μάταιον,
1386 2007 1483 2048 Eur.
1500 2006 1618 2061 Cycl.
1635 2007 1837 2048 656—62.
1885 2006 1990 2047 Tria
2008 2006 2199 2047 membra
2218 2005 2388 2047 trinaria
2408 2006 2649 2047 continuata

281 2072 448 2115 exhibet
483 2072 607 2114 etiam
638 2071 807 2114 Pindari
843 2072 1122 2114 adulescentis
1152 2085 1320 2114 carmen
1351 2072 1470 2129 Pyth.
1490 2072 1543 2125 X,
1572 2072 1684 2114 senis
1714 2072 1885 2128 Olymp.
1916 2072 1971 2112 IV
2002 2072 2225 2125 (dochmio
2253 2071 2412 2112 scilicet
2442 2072 2649 2125 excluso),

280 2139 526 2180 dochmium
560 2139 695 2193 prima
722 2138 829 2179 thesi
858 2138 1007 2187 soluta,
1041 2139 1120 2180 arsi
1150 2139 1279 2180 altera
1310 2139 1458 2180 hausta
1485 2141 1765 2192 (ἐξοδυνηθείς)
1796 2139 1926 2192 pleno
1957 2139 2157 2179 dochmio
2192 2139 2517 2192 respondentem
2549 2139 2648 2178 Eur.

281 2205 413 2246 Andr.
443 2205 515 2246 861
540 2206 679 2256 ⁵265,
702 2211 877 2255 Φθιάδος
907 2209 950 2249 ἐκ
974 2210 1383 2260 γᾶςΝπρωτὸπλοος
1405 2210 1544 2255 πλάτα,
1574 2204 1823 2246 dochmium
1853 2214 2065 2246 contracta
2099 2204 2235 2245 forma
2262 2203 2522 2258 paenultimo
2552 2204 2649 2245 loco

280 2271 484 2313 insertum
518 2270 633 2313 idem
668 2271 820 2313 Bacch.
857 2272 969 2325 1037,
1004 2264 1026 2310 ὅ
1051 2271 1242 2316 Διὸνυσος
1267 2265 1289 2310 ὃ
1321 2270 1550 2319 Δι[ονυσ]ὁς,
1578 2268 1624 2309 οὐ
1658 2269 1960 2320 Θῆβαιίκράτος
1989 2265 2113 2319 ἔχουᾶ
2149 2269 2253 2317 ἐμόν.
2317 2270 2486 2311 Praeter
2519 2270 2650 2311 ascle-

279 2337 431 2393 piadea
445 2337 517 2379 illa
545 2337 832 2393 sesquimetra,
849 2351 871 2378 e
892 2336 1045 2392 quibus
1066 2336 1287 2379 dochmios
1308 2336 1512 2378 coaluisse
1532 2336 1710 2379 Athenis
1732 2349 1899 2389 censeo,
1915 2346 2051 2377 cetera
2066 2348 2237 2391 quoque
2257 2336 2448 2377 membra
2466 2336 2651 2388 trinaria,

280 2416 465 2457 quorum
495 2404 546 2445 de
582 2404 745 2458 origine
774 2404 904 2445 verbo
933 2403 1159 2458 transigere
1195 2403 1311 2445 nefas
1346 2416 1435 2445 esse
1478 2414 1595 2458 puto,
1636 2403 1882 2457 geminatim
1912 2403 1996 2443 fere
2026 2402 2228 2456 disposita
2257 2402 2486 2457 antiquitus
2522 2403 2651 2443 fuisse

281 2470 315 2511 si
345 2484 432 2511 non
462 2484 511 2512 ex
541 2470 699 2524 elegiae
729 2470 893 2512 ionicae
922 2483 1045 2511 versu
1081 2470 1210 2512 altero
1238 2470 1302 2511 bis
1337 2469 1524 2522 trinario,
1560 2480 1599 2511 at
1626 2469 1693 2511 vel
1729 2483 1751 2511 e
1781 2482 2010 2522 puerorum
2041 2467 2309 2510 Rhodiorum
2341 2468 2652 2510 chelidonismo

283 2536 569 2591 cognoscitur:

1264 2600 1355 2652 ἦλθ’
1383 2600 1479 2652 ἦλθε
1503 2603 1668 2651 χελιδών

1001 2663 1122 2709 καλὰς
1146 2658 1250 2712 ὧρας
1275 2660 1425 2712 ἄγουσα
1498 2662 1732 2710 [καὶ]καλοὺς
1757 2661 1966 2707 ἐνιαυτούς,

1000 2723 1061 2763 ἐπὶ
1087 2724 1255 2773 γαστέρα
1280 2724 1409 2769 λευκά,
1489 2723 1550 2763 ἐπὶ
1575 2723 1682 2762 νῶτα
1705 2722 1870 2770 μέλαινα
1893 2725 1973 2766 κτλ,

281 2810 325 2850 id
353 2809 470 2864 quod
499 2822 586 2850 non
629 2809 734 2862 fugit
762 2809 1056 2849 Hermannum
1086 2808 1250 2849 Usener
1278 2812 1409 2864 Altgr.
1447 2812 1579 2849 Versb.
1606 2808 1716 2858 82s3,
1759 2807 1811 2847 de
1839 2806 2145 2847 versiculorum
2174 2806 2374 2861 rhythmo
2404 2807 2498 2861 ipso
2528 2808 2654 2861 longe

281 2875 398 2916 aliter
426 2875 687 2916 sentientem.
746 2874 842 2925 Qua
872 2874 1054 2928 denique
1085 2884 1170 2915 arte
1203 2873 1248 2915 in
1275 2874 1540 2928 geminandis
1567 2872 1768 2915 membris
1798 2871 2031 2927 Sophocles
2060 2882 2211 2925 utatur,
2240 2883 2286 2914 ut
2314 2873 2424 2915 binis
2453 2874 2655 2915 membris

281 2941 397 2997 puris
427 2951 551 2996 atque
582 2941 754 2995 integris
783 2940 883 2982 bina
910 2941 1136 2995 subiungat
1171 2941 1345 2982 infracta
1373 2954 1421 2981 ac
1449 2953 1584 2995 paene
1614 2939 1827 2991 dissoluta,
1862 2938 2116 2992 intellegitur
2145 2952 2195 2980 ex
2223 2938 2367 2980 Aiacis

567 3076 632 3103 vv.
662 3063 868 3104 605—08:

854 3152 986 3204 χρὸνῳ
1000 3152 1247 3201 τρυχόμενος,
1273 3142 1278 3146 ’
1432 3151 1557 3191 κακὰν
1583 3151 1701 3190 ἐλπίδ’
1735 3148 1834 3199 ἔχων

857 3210 913 3250 ἔτι
936 3212 985 3260 μέ
1007 3215 1093 3249 ποτ’
1126 3211 1282 3250 ἀνύσειν
1433 3212 1502 3250 τὸν
1528 3208 1751 3259 ἆπὸτροπον
1777 3209 1879 3257 ἀίδη·
1960 3214 2031 3247 λον
2045 3204 2189 3248 (Ἅιδαν.

586 3335 633 3350 =
664 3316 872 3370 617-21:

853 3391 902 3431 τὰ
925 3394 1016 3441 πρὶν
1042 3394 1076 3431 δ’
1108 3389 1204 3441 ἔργα
1226 3398 1359 3441 χεροῖν
1430 3392 1613 3440 μεγίστας
1638 3388 1777 3441 ἀρετᾶς

857 3449 979 3502 ἄφιλα
1001 3454 1088 3503 παῤ
1119 3450 1274 3502 ἀφίλοις
1433 3449 1534 3491 {aad
1562 3448 1673 3490 ἔπεσε
1697 3450 1850 3500 μελέοις
1955 3450 2172 3502 Ἀτρείδαις.
