<?xml version="1.0" encoding="UTF-8"?>
<!DOCTYPE html PUBLIC "-//W3C//DTD XHTML 1.0 Transitional//EN"
    "http://www.w3.org/TR/xhtml1/DTD/xhtml1-transitional.dtd">
<html xmlns="http://www.w3.org/1999/xhtml" xml:lang="en" lang="en">
 <head>
  <title>
</title>
<meta http-equiv="Content-Type" content="text/html;charset=utf-8" />
  <meta name='ocr-system' content='tesseract 3.04.00' />
  <meta name='ocr-capabilities' content='ocr_page ocr_carea ocr_par ocr_line ocrx_word'/>
</head>
<body>
  <div class='ocr_page' id='page_1' title='image "4766857_0011.png"; bbox 0 0 2968 3873; ppageno 0'>
   <div class='ocr_carea' id='block_1_1' title="bbox 394 1431 2398 1527">
    <p class='ocr_par' dir='ltr' id='par_1_1' title="bbox 394 1389 2398 1527">
     <span class='ocr_line' id='line_1_1' title="bbox 394 1431 2398 1527; baseline 0.001 -21"><span class='ocrx_word' id='word_1_1' title='bbox 394 1432 519 1506; x_wconf 93' lang='lat' dir='ltr'>De</span> <span class='ocrx_word' id='word_1_2' title='bbox 568 1432 1070 1526; x_wconf 87' lang='lat' dir='ltr'>tichoscopia</span> <span class='ocrx_word' id='word_1_3' title='bbox 1119 1431 1515 1527; x_wconf 84' lang='lat' dir='ltr'>Euripidis</span> <span class='ocrx_word' id='word_1_4' title='bbox 1565 1433 2024 1508; x_wconf 86' lang='lat' dir='ltr'>Phoenissis</span> <span class='ocrx_word' id='word_1_5' title='bbox 2073 1434 2398 1509; x_wconf 84' lang='lat' dir='ltr'>inserta.</span> 
     </span>
    </p>
   </div>
   <div class='ocr_carea' id='block_1_2' title="bbox 218 1771 2593 3484">
    <p class='ocr_par' dir='ltr' id='par_1_2' title="bbox 218 1771 2589 2751">
     <span class='ocr_line' id='line_1_2' title="bbox 435 1771 2584 1826; baseline 0 -14"><span class='ocrx_word' id='word_1_6' title='bbox 435 1771 478 1812; x_wconf 89' lang='lat' dir='ltr'>ln</span> <span class='ocrx_word' id='word_1_7' title='bbox 511 1771 681 1813; x_wconf 90' lang='lat' dir='ltr'>canticis</span> <span class='ocrx_word' id='word_1_8' title='bbox 709 1772 870 1826; x_wconf 90' lang='lat' dir='ltr'>graecis</span> <span class='ocrx_word' id='word_1_9' title='bbox 899 1772 1220 1826; x_wconf 82' lang='lat' dir='ltr'>interpretandis</span> <span class='ocrx_word' id='word_1_10' title='bbox 1249 1785 1346 1813; x_wconf 91' lang='lat' dir='ltr'>cum</span> <span class='ocrx_word' id='word_1_11' title='bbox 1376 1772 1538 1813; x_wconf 87' lang='lat' dir='ltr'>duabus</span> <span class='ocrx_word' id='word_1_12' title='bbox 1566 1773 1644 1813; x_wconf 87' lang='lat' dir='ltr'>viri</span> <span class='ocrx_word' id='word_1_13' title='bbox 1673 1773 1788 1813; x_wconf 92' lang='lat' dir='ltr'>docti</span> <span class='ocrx_word' id='word_1_14' title='bbox 1816 1773 1877 1813; x_wconf 90' lang='lat' dir='ltr'>uti</span> <span class='ocrx_word' id='word_1_15' title='bbox 1912 1773 2073 1813; x_wconf 90' lang='lat' dir='ltr'>soleant</span> <span class='ocrx_word' id='word_1_16' title='bbox 2103 1773 2348 1824; x_wconf 90' lang='lat' dir='ltr'>rationibus,</span> <span class='ocrx_word' id='word_1_17' title='bbox 2377 1773 2504 1813; x_wconf 90' lang='lat' dir='ltr'>altera</span> <span class='ocrx_word' id='word_1_18' title='bbox 2540 1784 2584 1813; x_wconf 85' lang='lat' dir='ltr'>ut</span> 
     </span>
     <span class='ocr_line' id='line_1_3' title="bbox 219 1838 2583 1893; baseline 0.001 -15"><span class='ocrx_word' id='word_1_19' title='bbox 219 1838 409 1879; x_wconf 89' lang='lat' dir='ltr'>versibus</span> <span class='ocrx_word' id='word_1_20' title='bbox 439 1838 543 1879; x_wconf 90' lang='lat' dir='ltr'>colis</span> <span class='ocrx_word' id='word_1_21' title='bbox 571 1838 714 1880; x_wconf 89' lang='lat' dir='ltr'>metris</span> <span class='ocrx_word' id='word_1_22' title='bbox 744 1849 911 1881; x_wconf 89' lang='lat' dir='ltr'>strenue</span> <span class='ocrx_word' id='word_1_23' title='bbox 941 1838 1150 1893; x_wconf 85' lang='lat' dir='ltr'>discriptis</span> <span class='ocrx_word' id='word_1_24' title='bbox 1178 1838 1343 1893; x_wconf 90' lang='lat' dir='ltr'>singula</span> <span class='ocrx_word' id='word_1_25' title='bbox 1384 1839 1574 1880; x_wconf 89' lang='lat' dir='ltr'>membra</span> <span class='ocrx_word' id='word_1_26' title='bbox 1603 1839 1637 1880; x_wconf 90' lang='lat' dir='ltr'>si</span> <span class='ocrx_word' id='word_1_27' title='bbox 1667 1853 1756 1880; x_wconf 89' lang='lat' dir='ltr'>non</span> <span class='ocrx_word' id='word_1_28' title='bbox 1801 1853 1878 1883; x_wconf 89' lang='lat' dir='ltr'>suo</span> <span class='ocrx_word' id='word_1_29' title='bbox 1910 1840 2110 1893; x_wconf 91' lang='lat' dir='ltr'>quodque</span> <span class='ocrx_word' id='word_1_30' title='bbox 2153 1850 2193 1880; x_wconf 88' lang='lat' dir='ltr'>at</span> <span class='ocrx_word' id='word_1_31' title='bbox 2236 1850 2344 1880; x_wconf 89' lang='lat' dir='ltr'>certe</span> <span class='ocrx_word' id='word_1_32' title='bbox 2388 1840 2583 1880; x_wconf 86' lang='lat' dir='ltr'>sollemni</span> 
     </span>
     <span class='ocr_line' id='line_1_4' title="bbox 219 1895 2582 1958; baseline 0 -13"><span class='ocrx_word' id='word_1_33' title='bbox 219 1904 362 1958; x_wconf 91' lang='lat' dir='ltr'>aliquo</span> <span class='ocrx_word' id='word_1_34' title='bbox 391 1905 564 1946; x_wconf 91' lang='lat' dir='ltr'>nomine</span> <span class='ocrx_word' id='word_1_35' title='bbox 601 1895 764 1957; x_wconf 74' lang='lat' dir='ltr'>ornent,</span> <span class='ocrx_word' id='word_1_36' title='bbox 800 1906 927 1947; x_wconf 90' lang='lat' dir='ltr'>altera</span> <span class='ocrx_word' id='word_1_37' title='bbox 961 1915 1006 1946; x_wconf 92' lang='lat' dir='ltr'>ut</span> <span class='ocrx_word' id='word_1_38' title='bbox 1049 1905 1248 1947; x_wconf 90' lang='lat' dir='ltr'>omnibus</span> <span class='ocrx_word' id='word_1_39' title='bbox 1290 1905 1415 1946; x_wconf 83' lang='lat' dir='ltr'>unius</span> <span class='ocrx_word' id='word_1_40' title='bbox 1458 1904 1608 1946; x_wconf 90' lang='lat' dir='ltr'>cantici</span> <span class='ocrx_word' id='word_1_41' title='bbox 1646 1905 1852 1958; x_wconf 89' lang='lat' dir='ltr'>rhythmis</span> <span class='ocrx_word' id='word_1_42' title='bbox 1900 1906 2217 1958; x_wconf 85' lang='lat' dir='ltr'>margaritarum</span> <span class='ocrx_word' id='word_1_43' title='bbox 2245 1906 2298 1946; x_wconf 88' lang='lat' dir='ltr'>ad</span> <span class='ocrx_word' id='word_1_44' title='bbox 2328 1905 2457 1946; x_wconf 91' lang='lat' dir='ltr'>instar</span> <span class='ocrx_word' id='word_1_45' title='bbox 2485 1918 2582 1945; x_wconf 92' lang='lat' dir='ltr'>con·</span> 
     </span>
     <span class='ocr_line' id='line_1_5' title="bbox 218 1968 2582 2026; baseline 0 -15"><span class='ocrx_word' id='word_1_46' title='bbox 218 1968 388 2012; x_wconf 86' lang='lat' dir='ltr'>tinuatis</span> <span class='ocrx_word' id='word_1_47' title='bbox 424 1984 546 2025; x_wconf 90' lang='lat' dir='ltr'>pares</span> <span class='ocrx_word' id='word_1_48' title='bbox 582 1970 791 2014; x_wconf 89' lang='lat' dir='ltr'>similesve</span> <span class='ocrx_word' id='word_1_49' title='bbox 820 1969 975 2026; x_wconf 89' lang='lat' dir='ltr'>figuras</span> <span class='ocrx_word' id='word_1_50' title='bbox 1003 1970 1221 2013; x_wconf 90' lang='lat' dir='ltr'>intervallo</span> <span class='ocrx_word' id='word_1_51' title='bbox 1250 1970 1364 2013; x_wconf 88' lang='lat' dir='ltr'>haud</span> <span class='ocrx_word' id='word_1_52' title='bbox 1406 1970 1462 2012; x_wconf 85' lang='lat' dir='ltr'>ita</span> <span class='ocrx_word' id='word_1_53' title='bbox 1489 1984 1644 2024; x_wconf 88' lang='lat' dir='ltr'>magno</span> <span class='ocrx_word' id='word_1_54' title='bbox 1687 1971 1882 2025; x_wconf 90' lang='lat' dir='ltr'>repetitas</span> <span class='ocrx_word' id='word_1_55' title='bbox 1925 1971 2180 2025; x_wconf 88' lang='lat' dir='ltr'>respondere</span> <span class='ocrx_word' id='word_1_56' title='bbox 2222 1972 2328 2013; x_wconf 88' lang='lat' dir='ltr'>inter</span> <span class='ocrx_word' id='word_1_57' title='bbox 2356 1986 2400 2013; x_wconf 90' lang='lat' dir='ltr'>se</span> <span class='ocrx_word' id='word_1_58' title='bbox 2430 1972 2582 2020; x_wconf 87' lang='lat' dir='ltr'>dicant,</span> 
     </span>
     <span class='ocr_line' id='line_1_6' title="bbox 218 2036 2582 2092; baseline 0.001 -15"><span class='ocrx_word' id='word_1_59' title='bbox 218 2046 439 2092; x_wconf 89' lang='lat' dir='ltr'>utramque</span> <span class='ocrx_word' id='word_1_60' title='bbox 468 2037 674 2080; x_wconf 88' lang='lat' dir='ltr'>rationem</span> <span class='ocrx_word' id='word_1_61' title='bbox 703 2037 983 2080; x_wconf 90' lang='lat' dir='ltr'>necessariam</span> <span class='ocrx_word' id='word_1_62' title='bbox 1013 2047 1082 2080; x_wconf 89' lang='lat' dir='ltr'>aut</span> <span class='ocrx_word' id='word_1_63' title='bbox 1111 2037 1372 2092; x_wconf 90' lang='lat' dir='ltr'>aliquatenus</span> <span class='ocrx_word' id='word_1_64' title='bbox 1414 2036 1558 2079; x_wconf 91' lang='lat' dir='ltr'>utilem</span> <span class='ocrx_word' id='word_1_65' title='bbox 1606 2050 1695 2079; x_wconf 90' lang='lat' dir='ltr'>esse</span> <span class='ocrx_word' id='word_1_66' title='bbox 1731 2050 1860 2079; x_wconf 91' lang='lat' dir='ltr'>nemo</span> <span class='ocrx_word' id='word_1_67' title='bbox 1896 2037 2075 2091; x_wconf 87' lang='lat' dir='ltr'>negabit.</span> <span class='ocrx_word' id='word_1_68' title='bbox 2134 2037 2298 2079; x_wconf 87' lang='lat' dir='ltr'>Tamen</span> <span class='ocrx_word' id='word_1_69' title='bbox 2342 2037 2375 2079; x_wconf 90' lang='lat' dir='ltr'>si</span> <span class='ocrx_word' id='word_1_70' title='bbox 2409 2037 2582 2079; x_wconf 86' lang='lat' dir='ltr'>miratus</span> 
     </span>
     <span class='ocr_line' id='line_1_7' title="bbox 219 2101 2582 2158; baseline 0 -15"><span class='ocrx_word' id='word_1_71' title='bbox 219 2103 270 2143; x_wconf 90' lang='lat' dir='ltr'>sit</span> <span class='ocrx_word' id='word_1_72' title='bbox 299 2102 523 2158; x_wconf 84' lang='lat' dir='ltr'>quispiam,</span> <span class='ocrx_word' id='word_1_73' title='bbox 559 2116 633 2145; x_wconf 93' lang='lat' dir='ltr'>cur</span> <span class='ocrx_word' id='word_1_74' title='bbox 675 2116 728 2145; x_wconf 90' lang='lat' dir='ltr'>ne</span> <span class='ocrx_word' id='word_1_75' title='bbox 759 2103 1009 2146; x_wconf 88' lang='lat' dir='ltr'>coniunctae</span> <span class='ocrx_word' id='word_1_76' title='bbox 1052 2103 1222 2158; x_wconf 90' lang='lat' dir='ltr'>quidem</span> <span class='ocrx_word' id='word_1_77' title='bbox 1271 2103 1323 2145; x_wconf 88' lang='lat' dir='ltr'>ad</span> <span class='ocrx_word' id='word_1_78' title='bbox 1366 2112 1613 2145; x_wconf 81' lang='lat' dir='ltr'>structuram</span> <span class='ocrx_word' id='word_1_79' title='bbox 1661 2102 1813 2146; x_wconf 89' lang='lat' dir='ltr'>cantici</span> <span class='ocrx_word' id='word_1_80' title='bbox 1848 2102 2184 2158; x_wconf 90' lang='lat' dir='ltr'>perspiciendam</span> <span class='ocrx_word' id='word_1_81' title='bbox 2213 2101 2455 2157; x_wconf 89' lang='lat' dir='ltr'>iudicioque</span> <span class='ocrx_word' id='word_1_82' title='bbox 2485 2102 2582 2145; x_wconf 90' lang='lat' dir='ltr'>satis</span> 
     </span>
     <span class='ocr_line' id='line_1_8' title="bbox 219 2168 2583 2224; baseline 0 -17"><span class='ocrx_word' id='word_1_83' title='bbox 219 2169 401 2209; x_wconf 88' lang='lat' dir='ltr'>stabilito</span> <span class='ocrx_word' id='word_1_84' title='bbox 431 2170 733 2210; x_wconf 87' lang='lat' dir='ltr'>aestimandam</span> <span class='ocrx_word' id='word_1_85' title='bbox 760 2169 983 2222; x_wconf 85' lang='lat' dir='ltr'>sufficiant,</span> <span class='ocrx_word' id='word_1_86' title='bbox 1011 2170 1046 2210; x_wconf 94' lang='lat' dir='ltr'>is</span> <span class='ocrx_word' id='word_1_87' title='bbox 1075 2182 1118 2209; x_wconf 91' lang='lat' dir='ltr'>re</span> <span class='ocrx_word' id='word_1_88' title='bbox 1149 2169 1381 2210; x_wconf 83' lang='lat' dir='ltr'>accuratius</span> <span class='ocrx_word' id='word_1_89' title='bbox 1410 2169 1552 2224; x_wconf 91' lang='lat' dir='ltr'>paullo</span> <span class='ocrx_word' id='word_1_90' title='bbox 1580 2169 1813 2224; x_wconf 90' lang='lat' dir='ltr'>ponderata</span> <span class='ocrx_word' id='word_1_91' title='bbox 1848 2169 1990 2210; x_wconf 89' lang='lat' dir='ltr'>mirari</span> <span class='ocrx_word' id='word_1_92' title='bbox 2026 2169 2197 2210; x_wconf 85' lang='lat' dir='ltr'>desinet.</span> <span class='ocrx_word' id='word_1_93' title='bbox 2255 2170 2363 2210; x_wconf 88' lang='lat' dir='ltr'>Nam</span> <span class='ocrx_word' id='word_1_94' title='bbox 2398 2168 2583 2224; x_wconf 87' lang='lat' dir='ltr'>primum</span> 
     </span>
     <span class='ocr_line' id='line_1_9' title="bbox 220 2235 2583 2289; baseline -0 -14"><span class='ocrx_word' id='word_1_95' title='bbox 220 2236 393 2288; x_wconf 90' lang='lat' dir='ltr'>quidem</span> <span class='ocrx_word' id='word_1_96' title='bbox 421 2237 613 2275; x_wconf 90' lang='lat' dir='ltr'>membra</span> <span class='ocrx_word' id='word_1_97' title='bbox 640 2236 773 2275; x_wconf 90' lang='lat' dir='ltr'>multa</span> <span class='ocrx_word' id='word_1_98' title='bbox 801 2236 978 2276; x_wconf 80' lang='lat' dir='ltr'>eandem</span> <span class='ocrx_word' id='word_1_99' title='bbox 1009 2246 1078 2275; x_wconf 91' lang='lat' dir='ltr'>aut</span> <span class='ocrx_word' id='word_1_100' title='bbox 1106 2236 1285 2275; x_wconf 89' lang='lat' dir='ltr'>similem</span> <span class='ocrx_word' id='word_1_101' title='bbox 1320 2236 1506 2289; x_wconf 90' lang='lat' dir='ltr'>speciem</span> <span class='ocrx_word' id='word_1_102' title='bbox 1534 2248 1634 2289; x_wconf 86' lang='lat' dir='ltr'>prae</span> <span class='ocrx_word' id='word_1_103' title='bbox 1677 2248 1721 2275; x_wconf 91' lang='lat' dir='ltr'>se</span> <span class='ocrx_word' id='word_1_104' title='bbox 1751 2236 1926 2276; x_wconf 88' lang='lat' dir='ltr'>ferentia</span> <span class='ocrx_word' id='word_1_105' title='bbox 1954 2245 2102 2275; x_wconf 89' lang='lat' dir='ltr'>natura</span> <span class='ocrx_word' id='word_1_106' title='bbox 2129 2246 2225 2274; x_wconf 88' lang='lat' dir='ltr'>sunt</span> <span class='ocrx_word' id='word_1_107' title='bbox 2254 2235 2377 2288; x_wconf 90' lang='lat' dir='ltr'>plane</span> <span class='ocrx_word' id='word_1_108' title='bbox 2408 2235 2583 2275; x_wconf 87' lang='lat' dir='ltr'>diversa.</span> 
     </span>
     <span class='ocr_line' id='line_1_10' title="bbox 220 2295 2584 2355; baseline -0 -15"><span class='ocrx_word' id='word_1_109' title='bbox 220 2300 385 2341; x_wconf 89' lang='lat' dir='ltr'>Deinde</span> <span class='ocrx_word' id='word_1_110' title='bbox 415 2301 618 2354; x_wconf 90' lang='lat' dir='ltr'>quoniam</span> <span class='ocrx_word' id='word_1_111' title='bbox 647 2302 903 2355; x_wconf 91' lang='lat' dir='ltr'>respondere</span> <span class='ocrx_word' id='word_1_112' title='bbox 932 2302 1040 2341; x_wconf 91' lang='lat' dir='ltr'>inter</span> <span class='ocrx_word' id='word_1_113' title='bbox 1069 2315 1112 2340; x_wconf 91' lang='lat' dir='ltr'>se</span> <span class='ocrx_word' id='word_1_114' title='bbox 1142 2314 1240 2343; x_wconf 89' lang='lat' dir='ltr'>cum</span> <span class='ocrx_word' id='word_1_115' title='bbox 1268 2301 1313 2340; x_wconf 91' lang='lat' dir='ltr'>in</span> <span class='ocrx_word' id='word_1_116' title='bbox 1342 2301 1488 2341; x_wconf 91' lang='lat' dir='ltr'>ceteris</span> <span class='ocrx_word' id='word_1_117' title='bbox 1518 2301 1689 2351; x_wconf 90' lang='lat' dir='ltr'>artibus,</span> <span class='ocrx_word' id='word_1_118' title='bbox 1735 2311 1827 2341; x_wconf 90' lang='lat' dir='ltr'>tum</span> <span class='ocrx_word' id='word_1_119' title='bbox 1869 2301 2050 2340; x_wconf 85' lang='lat' dir='ltr'>maxime</span> <span class='ocrx_word' id='word_1_120' title='bbox 2092 2301 2135 2340; x_wconf 91' lang='lat' dir='ltr'>in</span> <span class='ocrx_word' id='word_1_121' title='bbox 2180 2311 2263 2340; x_wconf 90' lang='lat' dir='ltr'>arte</span> <span class='ocrx_word' id='word_1_122' title='bbox 2306 2295 2467 2340; x_wconf 85' lang='lat' dir='ltr'>musica</span> <span class='ocrx_word' id='word_1_123' title='bbox 2496 2313 2584 2340; x_wconf 89' lang='lat' dir='ltr'>non</span> 
     </span>
     <span class='ocr_line' id='line_1_11' title="bbox 220 2365 2585 2420; baseline -0 -14"><span class='ocrx_word' id='word_1_124' title='bbox 220 2365 358 2406; x_wconf 89' lang='lat' dir='ltr'>solum</span> <span class='ocrx_word' id='word_1_125' title='bbox 388 2365 505 2420; x_wconf 88' lang='lat' dir='ltr'>paria</span> <span class='ocrx_word' id='word_1_126' title='bbox 533 2378 602 2407; x_wconf 89' lang='lat' dir='ltr'>aut</span> <span class='ocrx_word' id='word_1_127' title='bbox 630 2367 783 2407; x_wconf 90' lang='lat' dir='ltr'>similia</span> <span class='ocrx_word' id='word_1_128' title='bbox 811 2377 985 2416; x_wconf 89' lang='lat' dir='ltr'>constat,</span> <span class='ocrx_word' id='word_1_129' title='bbox 1013 2381 1160 2406; x_wconf 87' lang='lat' dir='ltr'>verum</span> <span class='ocrx_word' id='word_1_130' title='bbox 1190 2367 1314 2406; x_wconf 91' lang='lat' dir='ltr'>etiam</span> <span class='ocrx_word' id='word_1_131' title='bbox 1344 2366 1551 2406; x_wconf 86' lang='lat' dir='ltr'>contraria</span> <span class='ocrx_word' id='word_1_132' title='bbox 1580 2376 1650 2406; x_wconf 88' lang='lat' dir='ltr'>aut</span> <span class='ocrx_word' id='word_1_133' title='bbox 1678 2367 1898 2420; x_wconf 88' lang='lat' dir='ltr'>ingeniose</span> <span class='ocrx_word' id='word_1_134' title='bbox 1933 2367 2099 2416; x_wconf 87' lang='lat' dir='ltr'>variata,</span> <span class='ocrx_word' id='word_1_135' title='bbox 2130 2366 2219 2406; x_wconf 89' lang='lat' dir='ltr'>fieri</span> <span class='ocrx_word' id='word_1_136' title='bbox 2248 2380 2373 2419; x_wconf 93' lang='lat' dir='ltr'>posse</span> <span class='ocrx_word' id='word_1_137' title='bbox 2404 2379 2585 2406; x_wconf 90' lang='lat' dir='ltr'>consen-</span> 
     </span>
     <span class='ocr_line' id='line_1_12' title="bbox 219 2431 2584 2486; baseline 0 -14"><span class='ocrx_word' id='word_1_138' title='bbox 219 2440 390 2474; x_wconf 87' lang='lat' dir='ltr'>taneum</span> <span class='ocrx_word' id='word_1_139' title='bbox 420 2442 492 2484; x_wconf 92' lang='lat' dir='ltr'>est,</span> <span class='ocrx_word' id='word_1_140' title='bbox 522 2441 567 2474; x_wconf 92' lang='lat' dir='ltr'>ut</span> <span class='ocrx_word' id='word_1_141' title='bbox 595 2433 786 2474; x_wconf 88' lang='lat' dir='ltr'>membra</span> <span class='ocrx_word' id='word_1_142' title='bbox 813 2432 878 2473; x_wconf 89' lang='lat' dir='ltr'>vel</span> <span class='ocrx_word' id='word_1_143' title='bbox 908 2431 1198 2474; x_wconf 89' lang='lat' dir='ltr'>diversissimis</span> <span class='ocrx_word' id='word_1_144' title='bbox 1227 2432 1369 2473; x_wconf 90' lang='lat' dir='ltr'>metris</span> <span class='ocrx_word' id='word_1_145' title='bbox 1399 2431 1634 2486; x_wconf 87' lang='lat' dir='ltr'>composita</span> <span class='ocrx_word' id='word_1_146' title='bbox 1663 2432 1814 2473; x_wconf 89' lang='lat' dir='ltr'>cantici</span> <span class='ocrx_word' id='word_1_147' title='bbox 1844 2432 1963 2486; x_wconf 88' lang='lat' dir='ltr'>quasi</span> <span class='ocrx_word' id='word_1_148' title='bbox 1992 2445 2144 2486; x_wconf 88' lang='lat' dir='ltr'>corpus</span> <span class='ocrx_word' id='word_1_149' title='bbox 2173 2432 2388 2473; x_wconf 86' lang='lat' dir='ltr'>contuenti</span> <span class='ocrx_word' id='word_1_150' title='bbox 2433 2431 2584 2472; x_wconf 90' lang='lat' dir='ltr'>eodem</span> 
     </span>
     <span class='ocr_line' id='line_1_13' title="bbox 220 2497 2588 2554; baseline -0 -14"><span class='ocrx_word' id='word_1_151' title='bbox 220 2511 395 2540; x_wconf 88' lang='lat' dir='ltr'>munere</span> <span class='ocrx_word' id='word_1_152' title='bbox 425 2498 544 2554; x_wconf 87' lang='lat' dir='ltr'>fungi</span> <span class='ocrx_word' id='word_1_153' title='bbox 572 2499 803 2540; x_wconf 89' lang='lat' dir='ltr'>videantur.</span> <span class='ocrx_word' id='word_1_154' title='bbox 860 2498 1056 2553; x_wconf 91' lang='lat' dir='ltr'>Denique</span> <span class='ocrx_word' id='word_1_155' title='bbox 1085 2512 1182 2540; x_wconf 90' lang='lat' dir='ltr'>cum</span> <span class='ocrx_word' id='word_1_156' title='bbox 1211 2512 1318 2552; x_wconf 91' lang='lat' dir='ltr'>quae</span> <span class='ocrx_word' id='word_1_157' title='bbox 1349 2498 1566 2540; x_wconf 87' lang='lat' dir='ltr'>admittere</span> <span class='ocrx_word' id='word_1_158' title='bbox 1595 2498 1738 2540; x_wconf 91' lang='lat' dir='ltr'>liceret</span> <span class='ocrx_word' id='word_1_159' title='bbox 1780 2499 1824 2540; x_wconf 90' lang='lat' dir='ltr'>in</span> <span class='ocrx_word' id='word_1_160' title='bbox 1851 2512 2048 2540; x_wconf 89' lang='lat' dir='ltr'>versuum</span> <span class='ocrx_word' id='word_1_161' title='bbox 2082 2498 2150 2540; x_wconf 92' lang='lat' dir='ltr'>vel</span> <span class='ocrx_word' id='word_1_162' title='bbox 2185 2498 2460 2552; x_wconf 89' lang='lat' dir='ltr'>periodorum</span> <span class='ocrx_word' id='word_1_163' title='bbox 2489 2497 2588 2549; x_wconf 86' lang='lat' dir='ltr'>fine,</span> 
     </span>
     <span class='ocr_line' id='line_1_14' title="bbox 219 2563 2589 2621; baseline 0 -15"><span class='ocrx_word' id='word_1_164' title='bbox 219 2564 334 2606; x_wconf 92' lang='lat' dir='ltr'>velut</span> <span class='ocrx_word' id='word_1_165' title='bbox 360 2564 523 2607; x_wconf 88' lang='lat' dir='ltr'>hiatum</span> <span class='ocrx_word' id='word_1_166' title='bbox 552 2575 592 2607; x_wconf 95' lang='lat' dir='ltr'>et</span> <span class='ocrx_word' id='word_1_167' title='bbox 620 2565 825 2621; x_wconf 86' lang='lat' dir='ltr'>syllabam</span> <span class='ocrx_word' id='word_1_168' title='bbox 853 2565 1092 2621; x_wconf 82' lang='lat' dir='ltr'>ancipitem,</span> <span class='ocrx_word' id='word_1_169' title='bbox 1136 2577 1186 2606; x_wconf 91' lang='lat' dir='ltr'>ea</span> <span class='ocrx_word' id='word_1_170' title='bbox 1213 2563 1446 2606; x_wconf 86' lang='lat' dir='ltr'>affectanda</span> <span class='ocrx_word' id='word_1_171' title='bbox 1492 2564 1572 2606; x_wconf 90' lang='lat' dir='ltr'>sibi</span> <span class='ocrx_word' id='word_1_172' title='bbox 1622 2577 1711 2606; x_wconf 92' lang='lat' dir='ltr'>esse</span> <span class='ocrx_word' id='word_1_173' title='bbox 1740 2574 1890 2620; x_wconf 91' lang='lat' dir='ltr'>poetae</span> <span class='ocrx_word' id='word_1_174' title='bbox 1920 2577 2006 2606; x_wconf 90' lang='lat' dir='ltr'>non</span> <span class='ocrx_word' id='word_1_175' title='bbox 2042 2574 2247 2619; x_wconf 88' lang='lat' dir='ltr'>putarent,</span> <span class='ocrx_word' id='word_1_176' title='bbox 2276 2577 2589 2619; x_wconf 88' lang='lat' dir='ltr'>nonnunquam</span> 
     </span>
     <span class='ocr_line' id='line_1_15' title="bbox 221 2630 2589 2685; baseline 0 -13"><span class='ocrx_word' id='word_1_177' title='bbox 221 2631 376 2673; x_wconf 85' lang='lat' dir='ltr'>factum</span> <span class='ocrx_word' id='word_1_178' title='bbox 406 2642 479 2683; x_wconf 82' lang='lat' dir='ltr'>est,</span> <span class='ocrx_word' id='word_1_179' title='bbox 508 2642 554 2673; x_wconf 88' lang='lat' dir='ltr'>ut</span> <span class='ocrx_word' id='word_1_180' title='bbox 580 2631 783 2673; x_wconf 90' lang='lat' dir='ltr'>terminos</span> <span class='ocrx_word' id='word_1_181' title='bbox 812 2632 878 2672; x_wconf 93' lang='lat' dir='ltr'>vel</span> <span class='ocrx_word' id='word_1_182' title='bbox 906 2631 1103 2673; x_wconf 89' lang='lat' dir='ltr'>stationes</span> <span class='ocrx_word' id='word_1_183' title='bbox 1133 2641 1177 2672; x_wconf 91' lang='lat' dir='ltr'>ut</span> <span class='ocrx_word' id='word_1_184' title='bbox 1205 2631 1261 2672; x_wconf 89' lang='lat' dir='ltr'>ita</span> <span class='ocrx_word' id='word_1_185' title='bbox 1289 2630 1439 2682; x_wconf 84' lang='lat' dir='ltr'>dicam,</span> <span class='ocrx_word' id='word_1_186' title='bbox 1470 2631 1624 2685; x_wconf 90' lang='lat' dir='ltr'>quibus</span> <span class='ocrx_word' id='word_1_187' title='bbox 1653 2641 1969 2672; x_wconf 89' lang='lat' dir='ltr'>secernerentur</span> <span class='ocrx_word' id='word_1_188' title='bbox 1998 2630 2174 2684; x_wconf 84' lang='lat' dir='ltr'>periodi,</span> <span class='ocrx_word' id='word_1_189' title='bbox 2194 2643 2345 2685; x_wconf 89' lang='lat' dir='ltr'>parum</span> <span class='ocrx_word' id='word_1_190' title='bbox 2366 2630 2589 2673; x_wconf 89' lang='lat' dir='ltr'>luculentis</span> 
     </span>
     <span class='ocr_line' id='line_1_16' title="bbox 222 2697 713 2751; baseline 0.004 -14"><span class='ocrx_word' id='word_1_191' title='bbox 222 2697 505 2751; x_wconf 88' lang='lat' dir='ltr'>significarent</span> <span class='ocrx_word' id='word_1_192' title='bbox 532 2698 713 2739; x_wconf 86' lang='lat' dir='ltr'>indiciis.</span> 
     </span>
    </p>

    <p class='ocr_par' dir='ltr' id='par_1_3' title="bbox 221 2763 2591 3018">
     <span class='ocr_line' id='line_1_17' title="bbox 437 2763 2589 2818; baseline 0 -13"><span class='ocrx_word' id='word_1_193' title='bbox 437 2764 483 2805; x_wconf 93' lang='lat' dir='ltr'>In</span> <span class='ocrx_word' id='word_1_194' title='bbox 511 2764 577 2805; x_wconf 92' lang='lat' dir='ltr'>his</span> <span class='ocrx_word' id='word_1_195' title='bbox 606 2765 789 2806; x_wconf 91' lang='lat' dir='ltr'>tenebris</span> <span class='ocrx_word' id='word_1_196' title='bbox 819 2766 978 2806; x_wconf 89' lang='lat' dir='ltr'>nullam</span> <span class='ocrx_word' id='word_1_197' title='bbox 1006 2765 1131 2805; x_wconf 91' lang='lat' dir='ltr'>video</span> <span class='ocrx_word' id='word_1_198' title='bbox 1166 2764 1255 2805; x_wconf 86' lang='lat' dir='ltr'>fore</span> <span class='ocrx_word' id='word_1_199' title='bbox 1302 2765 1452 2814; x_wconf 89' lang='lat' dir='ltr'>lucem,</span> <span class='ocrx_word' id='word_1_200' title='bbox 1482 2764 1563 2803; x_wconf 87' lang='lat' dir='ltr'>nisi</span> <span class='ocrx_word' id='word_1_201' title='bbox 1606 2764 1721 2817; x_wconf 91' lang='lat' dir='ltr'>prius</span> <span class='ocrx_word' id='word_1_202' title='bbox 1766 2774 1804 2804; x_wconf 90' lang='lat' dir='ltr'>et</span> <span class='ocrx_word' id='word_1_203' title='bbox 1847 2764 2022 2816; x_wconf 90' lang='lat' dir='ltr'>singulis</span> <span class='ocrx_word' id='word_1_204' title='bbox 2067 2763 2239 2804; x_wconf 83' lang='lat' dir='ltr'>canticis</span> <span class='ocrx_word' id='word_1_205' title='bbox 2282 2764 2589 2818; x_wconf 88' lang='lat' dir='ltr'>circumspecto</span> 
     </span>
     <span class='ocr_line' id='line_1_18' title="bbox 221 2829 2590 2885; baseline 0 -15"><span class='ocrx_word' id='word_1_206' title='bbox 221 2829 379 2871; x_wconf 89' lang='lat' dir='ltr'>iudicio</span> <span class='ocrx_word' id='word_1_207' title='bbox 405 2830 588 2872; x_wconf 85' lang='lat' dir='ltr'>excussis</span> <span class='ocrx_word' id='word_1_208' title='bbox 609 2844 716 2884; x_wconf 88' lang='lat' dir='ltr'>quae</span> <span class='ocrx_word' id='word_1_209' title='bbox 746 2831 936 2872; x_wconf 90' lang='lat' dir='ltr'>membra</span> <span class='ocrx_word' id='word_1_210' title='bbox 966 2845 1051 2885; x_wconf 93' lang='lat' dir='ltr'>quo</span> <span class='ocrx_word' id='word_1_211' title='bbox 1076 2831 1264 2885; x_wconf 90' lang='lat' dir='ltr'>pondere</span> <span class='ocrx_word' id='word_1_212' title='bbox 1285 2830 1405 2884; x_wconf 86' lang='lat' dir='ltr'>quasi</span> <span class='ocrx_word' id='word_1_213' title='bbox 1433 2843 1522 2870; x_wconf 91' lang='lat' dir='ltr'>esse</span> <span class='ocrx_word' id='word_1_214' title='bbox 1543 2840 1691 2883; x_wconf 89' lang='lat' dir='ltr'>poetae</span> <span class='ocrx_word' id='word_1_215' title='bbox 1711 2829 1919 2870; x_wconf 90' lang='lat' dir='ltr'>voluerint</span> <span class='ocrx_word' id='word_1_216' title='bbox 1949 2840 1987 2869; x_wconf 90' lang='lat' dir='ltr'>et</span> <span class='ocrx_word' id='word_1_217' title='bbox 2015 2830 2168 2882; x_wconf 90' lang='lat' dir='ltr'>quibus</span> <span class='ocrx_word' id='word_1_218' title='bbox 2198 2841 2331 2870; x_wconf 91' lang='lat' dir='ltr'>metra</span> <span class='ocrx_word' id='word_1_219' title='bbox 2349 2840 2590 2884; x_wconf 92' lang='lat' dir='ltr'>temporum</span> 
     </span>
     <span class='ocr_line' id='line_1_19' title="bbox 221 2894 2591 2951; baseline 0 -15"><span class='ocrx_word' id='word_1_220' title='bbox 221 2895 402 2937; x_wconf 90' lang='lat' dir='ltr'>decursu</span> <span class='ocrx_word' id='word_1_221' title='bbox 430 2896 733 2938; x_wconf 84' lang='lat' dir='ltr'>mutationibus</span> <span class='ocrx_word' id='word_1_222' title='bbox 762 2896 861 2938; x_wconf 91' lang='lat' dir='ltr'>inde</span> <span class='ocrx_word' id='word_1_223' title='bbox 882 2910 906 2938; x_wconf 87' lang='lat' dir='ltr'>a</span> <span class='ocrx_word' id='word_1_224' title='bbox 934 2896 1142 2943; x_wconf 85' lang='lat' dir='ltr'>natalibus</span> <span class='ocrx_word' id='word_1_225' title='bbox 1163 2909 1266 2951; x_wconf 91' lang='lat' dir='ltr'>quas</span> <span class='ocrx_word' id='word_1_226' title='bbox 1293 2895 1463 2950; x_wconf 90' lang='lat' dir='ltr'>quidem</span> <span class='ocrx_word' id='word_1_227' title='bbox 1483 2894 1775 2936; x_wconf 87' lang='lat' dir='ltr'>observatione</span> <span class='ocrx_word' id='word_1_228' title='bbox 1802 2904 1871 2936; x_wconf 90' lang='lat' dir='ltr'>aut</span> <span class='ocrx_word' id='word_1_229' title='bbox 1892 2894 2151 2936; x_wconf 88' lang='lat' dir='ltr'>divinatione</span> <span class='ocrx_word' id='word_1_230' title='bbox 2181 2895 2351 2950; x_wconf 88' lang='lat' dir='ltr'>assequi</span> <span class='ocrx_word' id='word_1_231' title='bbox 2379 2896 2591 2950; x_wconf 90' lang='lat' dir='ltr'>possimus</span> 
     </span>
     <span class='ocr_line' id='line_1_20' title="bbox 222 2961 1834 3018; baseline -0.001 -15"><span class='ocrx_word' id='word_1_232' title='bbox 222 2975 355 3016; x_wconf 89' lang='lat' dir='ltr'>usque</span> <span class='ocrx_word' id='word_1_233' title='bbox 385 2962 438 3004; x_wconf 89' lang='lat' dir='ltr'>ad</span> <span class='ocrx_word' id='word_1_234' title='bbox 466 2972 680 3018; x_wconf 91' lang='lat' dir='ltr'>torporem</span> <span class='ocrx_word' id='word_1_235' title='bbox 709 2963 830 3018; x_wconf 85' lang='lat' dir='ltr'>quasi</span> <span class='ocrx_word' id='word_1_236' title='bbox 857 2963 1034 3004; x_wconf 92' lang='lat' dir='ltr'>senilem</span> <span class='ocrx_word' id='word_1_237' title='bbox 1062 2962 1209 3004; x_wconf 87' lang='lat' dir='ltr'>affecta</span> <span class='ocrx_word' id='word_1_238' title='bbox 1238 2963 1319 3004; x_wconf 92' lang='lat' dir='ltr'>sint</span> <span class='ocrx_word' id='word_1_239' title='bbox 1346 2962 1469 3018; x_wconf 91' lang='lat' dir='ltr'>plane</span> <span class='ocrx_word' id='word_1_240' title='bbox 1499 2961 1834 3015; x_wconf 84' lang='lat' dir='ltr'>cognoverimus.</span> 
     </span>
    </p>

    <p class='ocr_par' dir='ltr' id='par_1_4' title="bbox 222 3028 2593 3484">
     <span class='ocr_line' id='line_1_21' title="bbox 437 3028 2591 3085; baseline 0 -14"><span class='ocrx_word' id='word_1_241' title='bbox 437 3029 564 3081; x_wconf 89' lang='lat' dir='ltr'>Quod</span> <span class='ocrx_word' id='word_1_242' title='bbox 587 3042 714 3085; x_wconf 86' lang='lat' dir='ltr'>opus,</span> <span class='ocrx_word' id='word_1_243' title='bbox 743 3029 988 3084; x_wconf 88' lang='lat' dir='ltr'>praesertim</span> <span class='ocrx_word' id='word_1_244' title='bbox 1022 3030 1067 3070; x_wconf 90' lang='lat' dir='ltr'>in</span> <span class='ocrx_word' id='word_1_245' title='bbox 1108 3040 1194 3071; x_wconf 89' lang='lat' dir='ltr'>tam</span> <span class='ocrx_word' id='word_1_246' title='bbox 1240 3029 1404 3070; x_wconf 92' lang='lat' dir='ltr'>lubrico</span> <span class='ocrx_word' id='word_1_247' title='bbox 1451 3028 1642 3069; x_wconf 90' lang='lat' dir='ltr'>lectionis</span> <span class='ocrx_word' id='word_1_248' title='bbox 1686 3028 1918 3069; x_wconf 87' lang='lat' dir='ltr'>carminum</span> <span class='ocrx_word' id='word_1_249' title='bbox 1963 3037 2070 3069; x_wconf 89' lang='lat' dir='ltr'>statu</span> <span class='ocrx_word' id='word_1_250' title='bbox 2115 3038 2153 3070; x_wconf 89' lang='lat' dir='ltr'>et</span> <span class='ocrx_word' id='word_1_251' title='bbox 2197 3029 2238 3070; x_wconf 90' lang='lat' dir='ltr'>in</span> <span class='ocrx_word' id='word_1_252' title='bbox 2283 3041 2396 3071; x_wconf 90' lang='lat' dir='ltr'>tanta</span> <span class='ocrx_word' id='word_1_253' title='bbox 2426 3030 2591 3071; x_wconf 89' lang='lat' dir='ltr'>aurium</span> 
     </span>
     <span class='ocr_line' id='line_1_22' title="bbox 222 3094 2591 3148; baseline -0 -11"><span class='ocrx_word' id='word_1_254' title='bbox 222 3105 459 3137; x_wconf 86' lang='lat' dir='ltr'>nostrarum</span> <span class='ocrx_word' id='word_1_255' title='bbox 488 3097 694 3148; x_wconf 88' lang='lat' dir='ltr'>barbarie,</span> <span class='ocrx_word' id='word_1_256' title='bbox 722 3110 810 3137; x_wconf 91' lang='lat' dir='ltr'>non</span> <span class='ocrx_word' id='word_1_257' title='bbox 839 3096 978 3137; x_wconf 90' lang='lat' dir='ltr'>solum</span> <span class='ocrx_word' id='word_1_258' title='bbox 1007 3096 1235 3148; x_wconf 84' lang='lat' dir='ltr'>laboribus,</span> <span class='ocrx_word' id='word_1_259' title='bbox 1264 3109 1410 3137; x_wconf 91' lang='lat' dir='ltr'>verum</span> <span class='ocrx_word' id='word_1_260' title='bbox 1440 3095 1564 3136; x_wconf 91' lang='lat' dir='ltr'>etiam</span> <span class='ocrx_word' id='word_1_261' title='bbox 1593 3094 1805 3135; x_wconf 90' lang='lat' dir='ltr'>erroribus</span> <span class='ocrx_word' id='word_1_262' title='bbox 1839 3095 2097 3136; x_wconf 89' lang='lat' dir='ltr'>immensum</span> <span class='ocrx_word' id='word_1_263' title='bbox 2139 3096 2359 3137; x_wconf 88' lang='lat' dir='ltr'>absolvere</span> <span class='ocrx_word' id='word_1_264' title='bbox 2402 3097 2462 3138; x_wconf 90' lang='lat' dir='ltr'>uti</span> <span class='ocrx_word' id='word_1_265' title='bbox 2504 3109 2591 3137; x_wconf 91' lang='lat' dir='ltr'>non</span> 
     </span>
     <span class='ocr_line' id='line_1_23' title="bbox 223 3162 2592 3217; baseline 0 -15"><span class='ocrx_word' id='word_1_266' title='bbox 223 3172 284 3203; x_wconf 89' lang='lat' dir='ltr'>est</span> <span class='ocrx_word' id='word_1_267' title='bbox 310 3162 437 3204; x_wconf 91' lang='lat' dir='ltr'>unius</span> <span class='ocrx_word' id='word_1_268' title='bbox 465 3163 802 3217; x_wconf 86' lang='lat' dir='ltr'>scriptiunculae,</span> <span class='ocrx_word' id='word_1_269' title='bbox 831 3163 888 3204; x_wconf 92' lang='lat' dir='ltr'>ita</span> <span class='ocrx_word' id='word_1_270' title='bbox 915 3176 968 3203; x_wconf 92' lang='lat' dir='ltr'>ne</span> <span class='ocrx_word' id='word_1_271' title='bbox 997 3163 1183 3204; x_wconf 92' lang='lat' dir='ltr'>hominis</span> <span class='ocrx_word' id='word_1_272' title='bbox 1212 3162 1385 3216; x_wconf 89' lang='lat' dir='ltr'>quidem</span> <span class='ocrx_word' id='word_1_273' title='bbox 1419 3162 1556 3202; x_wconf 92' lang='lat' dir='ltr'>unius.</span> <span class='ocrx_word' id='word_1_274' title='bbox 1613 3162 1707 3201; x_wconf 93' lang='lat' dir='ltr'>Hoc</span> <span class='ocrx_word' id='word_1_275' title='bbox 1736 3174 1836 3201; x_wconf 93' lang='lat' dir='ltr'>vero</span> <span class='ocrx_word' id='word_1_276' title='bbox 1871 3163 2109 3215; x_wconf 91' lang='lat' dir='ltr'>prooemio,</span> <span class='ocrx_word' id='word_1_277' title='bbox 2153 3164 2271 3216; x_wconf 94' lang='lat' dir='ltr'>quod</span> <span class='ocrx_word' id='word_1_278' title='bbox 2305 3164 2359 3204; x_wconf 88' lang='lat' dir='ltr'>ad</span> <span class='ocrx_word' id='word_1_279' title='bbox 2407 3163 2592 3203; x_wconf 89' lang='lat' dir='ltr'>conscri-</span> 
     </span>
     <span class='ocr_line' id='line_1_24' title="bbox 222 3226 2593 3284; baseline -0 -14"><span class='ocrx_word' id='word_1_280' title='bbox 222 3227 411 3271; x_wconf 90' lang='lat' dir='ltr'>bendum</span> <span class='ocrx_word' id='word_1_281' title='bbox 454 3237 657 3284; x_wconf 89' lang='lat' dir='ltr'>quantum</span> <span class='ocrx_word' id='word_1_282' title='bbox 686 3228 888 3284; x_wconf 89' lang='lat' dir='ltr'>temporis</span> <span class='ocrx_word' id='word_1_283' title='bbox 935 3241 1185 3271; x_wconf 88' lang='lat' dir='ltr'>concessum</span> <span class='ocrx_word' id='word_1_284' title='bbox 1232 3227 1355 3271; x_wconf 88' lang='lat' dir='ltr'>fuerit</span> <span class='ocrx_word' id='word_1_285' title='bbox 1401 3227 1549 3270; x_wconf 88' lang='lat' dir='ltr'>diebus</span> <span class='ocrx_word' id='word_1_286' title='bbox 1596 3226 1758 3269; x_wconf 88' lang='lat' dir='ltr'>facilius</span> <span class='ocrx_word' id='word_1_287' title='bbox 1788 3241 1916 3282; x_wconf 89' lang='lat' dir='ltr'>quam</span> <span class='ocrx_word' id='word_1_288' title='bbox 1962 3228 2181 3270; x_wconf 88' lang='lat' dir='ltr'>mensibus</span> <span class='ocrx_word' id='word_1_289' title='bbox 2229 3229 2439 3281; x_wconf 87' lang='lat' dir='ltr'>emetiare,</span> <span class='ocrx_word' id='word_1_290' title='bbox 2486 3228 2593 3270; x_wconf 89' lang='lat' dir='ltr'>nihil</span> 
     </span>
     <span class='ocr_line' id='line_1_25' title="bbox 222 3294 2593 3351; baseline 0 -15"><span class='ocrx_word' id='word_1_291' title='bbox 222 3294 402 3349; x_wconf 86' lang='lat' dir='ltr'>amplius</span> <span class='ocrx_word' id='word_1_292' title='bbox 431 3295 597 3338; x_wconf 88' lang='lat' dir='ltr'>efficere</span> <span class='ocrx_word' id='word_1_293' title='bbox 626 3296 671 3337; x_wconf 91' lang='lat' dir='ltr'>in</span> <span class='ocrx_word' id='word_1_294' title='bbox 707 3296 850 3338; x_wconf 87' lang='lat' dir='ltr'>animo</span> <span class='ocrx_word' id='word_1_295' title='bbox 881 3306 953 3348; x_wconf 91' lang='lat' dir='ltr'>est,</span> <span class='ocrx_word' id='word_1_296' title='bbox 990 3309 1117 3350; x_wconf 89' lang='lat' dir='ltr'>quam</span> <span class='ocrx_word' id='word_1_297' title='bbox 1146 3307 1191 3337; x_wconf 94' lang='lat' dir='ltr'>ut</span> <span class='ocrx_word' id='word_1_298' title='bbox 1219 3309 1307 3337; x_wconf 91' lang='lat' dir='ltr'>uno</span> <span class='ocrx_word' id='word_1_299' title='bbox 1337 3296 1479 3350; x_wconf 88' lang='lat' dir='ltr'>aliquo</span> <span class='ocrx_word' id='word_1_300' title='bbox 1500 3294 1772 3350; x_wconf 87' lang='lat' dir='ltr'>provectioris</span> <span class='ocrx_word' id='word_1_301' title='bbox 1801 3294 1898 3335; x_wconf 89' lang='lat' dir='ltr'>artis</span> <span class='ocrx_word' id='word_1_302' title='bbox 1929 3296 2125 3350; x_wconf 84' lang='lat' dir='ltr'>exemplo</span> <span class='ocrx_word' id='word_1_303' title='bbox 2168 3306 2462 3351; x_wconf 87' lang='lat' dir='ltr'>cognoscatur,</span> <span class='ocrx_word' id='word_1_304' title='bbox 2490 3296 2593 3350; x_wconf 89' lang='lat' dir='ltr'>quid</span> 
     </span>
     <span class='ocr_line' id='line_1_26' title="bbox 222 3359 2593 3417; baseline 0.001 -16"><span class='ocrx_word' id='word_1_305' title='bbox 222 3359 267 3401; x_wconf 90' lang='lat' dir='ltr'>in</span> <span class='ocrx_word' id='word_1_306' title='bbox 296 3361 467 3404; x_wconf 85' lang='lat' dir='ltr'>canticis</span> <span class='ocrx_word' id='word_1_307' title='bbox 496 3361 584 3404; x_wconf 87' lang='lat' dir='ltr'>sive</span> <span class='ocrx_word' id='word_1_308' title='bbox 612 3362 850 3404; x_wconf 88' lang='lat' dir='ltr'>minoribus</span> <span class='ocrx_word' id='word_1_309' title='bbox 877 3362 965 3404; x_wconf 92' lang='lat' dir='ltr'>sive</span> <span class='ocrx_word' id='word_1_310' title='bbox 995 3362 1271 3417; x_wconf 87' lang='lat' dir='ltr'>amplioribus</span> <span class='ocrx_word' id='word_1_311' title='bbox 1314 3361 1591 3403; x_wconf 92' lang='lat' dir='ltr'>dissolvendis</span> <span class='ocrx_word' id='word_1_312' title='bbox 1634 3375 1681 3402; x_wconf 91' lang='lat' dir='ltr'>ac</span> <span class='ocrx_word' id='word_1_313' title='bbox 1725 3360 1866 3402; x_wconf 92' lang='lat' dir='ltr'>denuo</span> <span class='ocrx_word' id='word_1_314' title='bbox 1911 3361 2030 3415; x_wconf 88' lang='lat' dir='ltr'>quasi</span> <span class='ocrx_word' id='word_1_315' title='bbox 2075 3362 2357 3403; x_wconf 89' lang='lat' dir='ltr'>instaurandis</span> <span class='ocrx_word' id='word_1_316' title='bbox 2386 3362 2593 3416; x_wconf 87' lang='lat' dir='ltr'>imprimis</span> 
     </span>
     <span class='ocr_line' id='line_1_27' title="bbox 225 3426 1983 3484; baseline 0.001 -17"><span class='ocrx_word' id='word_1_317' title='bbox 225 3429 516 3480; x_wconf 88' lang='lat' dir='ltr'>quaerendum</span> <span class='ocrx_word' id='word_1_318' title='bbox 546 3428 612 3481; x_wconf 87' lang='lat' dir='ltr'>sit,</span> <span class='ocrx_word' id='word_1_319' title='bbox 641 3428 744 3483; x_wconf 91' lang='lat' dir='ltr'>quid</span> <span class='ocrx_word' id='word_1_320' title='bbox 773 3429 807 3470; x_wconf 93' lang='lat' dir='ltr'>si</span> <span class='ocrx_word' id='word_1_321' title='bbox 838 3428 901 3470; x_wconf 93' lang='lat' dir='ltr'>dis</span> <span class='ocrx_word' id='word_1_322' title='bbox 930 3428 1134 3484; x_wconf 82' lang='lat' dir='ltr'>placuerit</span> <span class='ocrx_word' id='word_1_323' title='bbox 1163 3427 1343 3470; x_wconf 89' lang='lat' dir='ltr'>inveniri</span> <span class='ocrx_word' id='word_1_324' title='bbox 1372 3428 1456 3468; x_wconf 91' lang='lat' dir='ltr'>iam</span> <span class='ocrx_word' id='word_1_325' title='bbox 1486 3440 1599 3469; x_wconf 90' lang='lat' dir='ltr'>nunc</span> <span class='ocrx_word' id='word_1_326' title='bbox 1627 3439 1751 3482; x_wconf 91' lang='lat' dir='ltr'>posse</span> <span class='ocrx_word' id='word_1_327' title='bbox 1780 3426 1983 3469; x_wconf 87' lang='lat' dir='ltr'>videatur.</span> 
     </span>
    </p>
   </div>
  </div>
 </body>
</html>
